4620 5864
921 579 1025 651 38

1003 782 1153 864 Pag.
1187 781 1290 844 60.
1339 800 1401 844 v.
1441 782 1500 845 1.
1593 777 1769 865 sicut]
1818 783 1907 845 sic
1949 786 2020 847 T.

1776 584 1961 651 VAR.
2010 574 2233 649 LECT.
2277 585 2386 649 An
2425 582 3062 689 *RHETORICORUM

2542 784 2640 848 18.
2683 782 2943 846 subicere
2984 784 3105 846 ΒΤ.
3155 815 3240 832 -
3288 782 3426 865 fieri
3466 782 3659 846 solum
3700 782 3773 846 R.
3824 816 3905 829 -

1004 886 1064 947 2.
1108 893 1215 948 aut
1254 885 1480 948 iudicio
1524 882 1783 969 (omisso
1829 887 1932 966 in)
1974 887 2095 950 AF.
2143 894 2228 935 -ὲ-
2268 886 2374 950 do·
2443 889 2639 969 possit
2680 889 2752 950 B.

916 990 1158 1052 mestico
1204 998 1430 1071 puynet
1486 990 1640 1053 AFT
1683 996 1746 1053 et
1786 1008 1886 1074 pr.
1941 993 2007 1064 P,
2057 991 2374 1053 domestico

2539 993 2641 1054 20.
2684 999 2769 1053 est
2811 1010 2936 1055 om.
2980 993 3054 1054 T.
3103 1024 3185 1040 -
3229 991 3388 1053 enim
3429 992 3535 1073 qui
3587 1011 3708 1055 non
3764 1012 3906 1057 cum

904 1111 1195 1174 puynans
1232 1094 1414 1156 ederit
1456 1094 1790 1173 exemplum
1831 1113 1917 1158 rc.
1947 1094 2014 1166 F,
2058 1094 2374 1157 domestico
2451 1114 2676 1159 summe
2725 1102 2875 1157 tenet
2928 1095 3077 1156 PAF
3095 1139 3113 1170 ‚
3173 1095 3331 1157 enim
3371 1096 3477 1176 qui
3515 1113 3638 1158 non
3678 1116 3904 1160 summe

915 1188 1251 1258 testimonib
1270 1205 1494 1277 puqnet
1527 1199 1598 1259 R.
1634 1194 1992 1278 (domesticis
2020 1194 2374 1261 testimoniis
2451 1218 2585 1261 cum
2626 1206 2842 1261 teneret
2882 1199 2930 1260 B
2947 1245 2963 1269 ,
3016 1198 3174 1260 enim
3212 1198 3336 1260 nisi
3378 1217 3513 1261 cum
3553 1219 3777 1262 summe
3822 1208 3904 1264 te-

904 1306 1132 1382 puqnet
1173 1319 1262 1362 rc.
1298 1319 1465 1364 corr.
1513 1300 1622 1383 P.)

1001 1404 1064 1465 3.
1112 1411 1167 1465 et
1209 1404 1306 1464 sui
1347 1403 1541 1485 ipsius
1580 1404 1864 1468 abutatur
1914 1402 2201 1489 exemplo]
2262 1426 2372 1468 suo

914 1507 1108 1588 ipsius
1149 1508 1482 1569 testimonio
1523 1508 1808 1571 abutatur
1850 1512 1930 1583 R,
1989 1518 2044 1571 et
2084 1511 2141 1571 si
2181 1509 2373 1590 ipsius

2448 1309 2585 1365 neat
2626 1303 2713 1375 R,
2756 1303 2914 1364 enim
2951 1303 3075 1364 nisi
3116 1319 3251 1362 cum
3291 1320 3515 1364 summe
3556 1310 3708 1365 tenet
3748 1305 3818 1367 T.

2533 1408 2637 1469 21.
2682 1425 2831 1487 quae
2871 1399 3091 1487 iubeat]
3140 1424 3248 1486 que
3288 1405 3519 1467 iubebat
3560 1407 3632 1469 B.

2533 1511 2639 1572 23.
2677 1506 2959 1590 probant]
2997 1509 3259 1589 probata
3300 1507 3370 1570 F.
3421 1541 3497 1554 —
3540 1527 3646 1572 nec
3686 1511 3903 1574 intelli-

915 1611 1247 1676 testimonio
1290 1611 1513 1674 dederit
1557 1614 1911 1693 exemplum.
1966 1613 2249 1676 abutatur
2291 1615 2364 1676 Τ.
2448 1621 2596 1693 qunt
2637 1612 2794 1694 quod
2834 1613 3109 1674 commoti
3150 1613 3224 1673 B.

917 1713 1088 1777 Haec
1131 1714 1343 1778 omnia
1387 1733 1513 1808 om.
1556 1714 1778 1778 PABF.

2533 1717 2637 1778 24.
2675 1716 2781 1783 ,ubi
2822 1717 2903 1777 sit
2942 1715 3159 1797 nequid
3199 1715 3280 1775 sit
3317 1732 3414 1798 pr.
3445 1714 3512 1788 Ρ,
3557 1715 3661 1777 ubi
3690 1718 3770 1778 sit
3797 1725 3903 1780 aut

999 1820 1062 1881 5.
1126 1818 1252 1879 nisi
1331 1818 1826 1900 approbatissimo
1886 1821 1958 1881 B.
2029 1853 2112 1866 -
2188 1814 2364 1901 quod]
2449 1819 2592 1900 quid
2612 1821 2692 1880 sit
2734 1820 2781 1880 Β
2827 1824 2891 1880 et
2924 1836 3091 1889 corr.
3138 1835 3233 1880 rc.
3279 1817 3345 1892 P,
3390 1818 3491 1880 ubi
3519 1819 3600 1881 sit
3627 1838 3733 1881 nec
3760 1821 3903 1901 quid

917 1922 1063 2006 quid
1105 1923 1177 1984 T.

999 2027 1062 2089 6.
1110 2020 1333 2109 ipsum]
1391 2025 1457 2087 id
1509 2025 1707 2106 ipsum
1748 2026 1796 2087 B
1844 2031 1906 2087 et
1949 2041 2117 2088 corr.
2166 2028 2241 2088 R.
2291 2058 2371 2069 -—

918 2129 1189 2193 omnibus
1230 2150 1291 2191 se
1336 2131 1407 2191 T.

1001 2234 1187 2297 7-8.
1222 2233 1497 2314 probent.
1546 2248 1696 2315 quae
1738 2232 1811 2295 ab
1853 2230 2195 2293 oratoribus
2225 2248 2377 2313 pro-

916 2337 1243 2399 batissimis
1285 2344 1522 2418 sumpta
1565 2337 1686 2398 sint
1727 2338 1774 2400 P
1791 2385 1807 2409 ,
1856 2335 2127 2416 probent.
2171 2344 2277 2397 aut
2319 2338 2375 2398 si

916 2441 1046 2503 alia
1093 2439 1353 2521 probant
1408 2460 1447 2501 a
1488 2439 1936 2522 probatissimis
1976 2447 2212 2519 sumpta
2254 2440 2376 2501 sint

915 2545 1079 2623 (sunt
1121 2541 1193 2623 F)
1235 2544 1407 2607 AFT.
1479 2539 1728 2623 (Verba
1776 2548 1883 2603 aut
1929 2551 2154 2621 neqent.
2205 2563 2263 2605 o.
2315 2565 2366 2606 e.

917 2646 1187 2728 exempla
1231 2654 1295 2709 et
1336 2655 1441 2709 aut
1471 2648 1668 2728 poetis
1709 2646 1855 2709 add.
1904 2663 1993 2708 re.
2038 2665 2165 2729 mg.
2215 2645 2303 2729 P.)

1001 2752 1064 2813 8.
1113 2757 1220 2811 aut
1260 2771 1300 2812 a
1330 2751 1528 2831 poetis
1569 2751 1639 2812 B.

1002 2855 1233 2916 9.—11.
1288 2853 1801 2916 intolerabili--·
1836 2854 1974 2916 illos
2012 2862 2372 2937 anteponant

919 2977 1045 3023 om.
1095 2958 1316 3021 PAFT.
1379 2957 1790 3036 (intollerabili
1844 2960 2204 3040 arroyantia
2258 2968 2365 3022 est.

917 3064 1016 3125 sed
1056 3063 1212 3145 quod
1252 3061 1369 3124 sibi
1401 3070 1786 3142 proponatur
1825 3070 1880 3124 et
1923 3081 2128 3126 eorum
2171 3082 2373 3125 exem-

903 3167 1019 3247 pla
1039 3168 1167 3228 suis
1194 3167 1481 3246 exemplis
1505 3185 1623 3228 non
1643 3175 1862 3248 putant
1879 3177 2217 3248 praestare.
2250 3187 2371 3230 non

905 3278 1159 3352 possunt
1213 3270 1408 3332 dicere
1460 3289 1646 3352 quare
1696 3271 1831 3333 illos
1873 3279 2233 3352 anteponant
2273 3292 2364 3333 rc.

921 3393 1046 3456 mg.
1094 3373 1199 3453 P.)

1006 3480 1109 3540 10.
1145 3485 1369 3558 putant
1411 3478 1481 3540 Β.

1007 3582 1103 3644 11.
1147 3581 1341 3663 iqitur
1395 3599 1523 3644 om.
1588 3579 1808 3644 PAFT.
1872 3612 1951 3625 -
2012 3575 2166 3663 Non]
2226 3599 2371 3642 nam

917 3685 1172 3748 ABFRT
1202 3693 1264 3747 et
1290 3702 1452 3747 corr.
1482 3682 1547 3749 P.
1578 3682 1731 3759 (non
1752 3702 1850 3768 pr.
1872 3679 1958 3757 P,
1994 3681 2368 3748 confirmans

918 3788 1190 3852 Ernestii
1236 3788 1711 3862 coniecturam.)

1007 3894 1102 3955 12.
1147 3888 1348 3974 quum]
1397 3912 1533 3956 cum
1563 3912 1679 3974 quo
1709 3893 1781 3954 T.
1817 3925 1900 3938 —
1911 3890 2366 3972 probabiliores,

918 3990 1065 4076 tum]
1100 3995 1476 4076 probabilior
1533 4003 1618 4058 est
1671 4004 1797 4058 tum
1839 3997 1957 4066 AF,
1992 3994 2370 4076 probabilior

918 4107 1005 4162 est
1043 4118 1109 4160 eo
1154 4101 1225 4160 T.
1261 4130 1341 4142 —
1384 4100 1463 4161 ad
1501 4095 1880 4182 imitandum]
1931 4098 2370 4161 admittandum

917 4220 1015 4286 pr.
1064 4202 1145 4275 P,
1202 4201 1481 4266 admittit.
1523 4204 1664 4266 dum
1715 4222 1883 4267 corr.
1946 4204 2021 4276 P,
2080 4203 2362 4266 admittit.

917 4318 1044 4371 tum
1090 4309 1204 4379 AF,
1249 4315 1354 4368 aut
1395 4307 1753 4369 imitandum
1782 4310 1855 4369 B.

1010 4415 1108 4476 13.
1155 4407 1356 4493 eriyit]
1403 4412 1587 4492 eyerit
1628 4412 1703 4471 Α.
1762 4444 1844 4457 --
1896 4411 2162 4473 omnium
2203 4412 2372 4493 cupi-

917 4512 1150 4598 ditates]
1199 4514 1548 4595 cupiditates
1590 4514 1897 4576 hominum
1938 4517 2010 4578 R.

1008 4622 1107 4682 15.
1145 4625 1513 4698 postremum
1583 4622 1656 4681 A.
1748 4650 1833 4664 —
1917 4635 2213 4681 summum
2283 4628 2368 4681 est

921 4722 1193 4785 PBFRT.
1418 4763 1421 4768 -

1009 4827 1106 4888 16.
1140 4823 1435 4905 poematis
1474 4825 1595 4887 PA.

2448 1920 2718 2002 (omisso
2764 1923 2963 1986 altero
3006 1918 3109 2002 sit)
3152 1921 3223 1982 F.
3393 1958 3398 1963 -

2531 2027 2634 2093 25.
2676 2022 2801 2109 nec]
2847 2033 2956 2087 aut
2994 2026 3121 2087 BR.
3167 2054 3238 2066 -
3283 2023 3553 2087 maxime
3581 2045 3679 2088 eos
3721 2026 3894 2091 AFT.

2450 2164 2528 2176 -
2560 2129 2640 2192 At
2682 2148 2805 2194 om.
2851 2130 2951 2192 FT
2994 2136 3060 2191 et
3101 2145 3197 2213 pr.
3242 2126 3309 2219 P.

2533 2232 2857 2314 26.'ele9it
2898 2234 3024 2295 AF.

2532 2338 2614 2399 27
2622 2383 2636 2399 .
2686 2338 2964 2399 maxima
2978 2338 3028 2400 T
3039 2342 3104 2399 et
3119 2354 3215 2419 pr.
3233 2335 3300 2409 P,
3317 2336 3623 2397 maximae
3637 2351 3804 2399 corr.
3826 2337 3894 2398 P.

2531 2440 2634 2508 27.
2678 2440 2987 2502 scribenda
3027 2441 3249 2503 ultima
3293 2437 3496 2502 littera
3525 2456 3693 2502 corr.
3729 2440 3900 2500 P.—

2446 2544 2711 2606 rationes
2741 2544 3187 2626 praeceptiones
3213 2562 3309 2628 pr.
3342 2544 3408 2615 P,
3441 2544 3701 2605 rationis
3720 2560 3903 2624 prae-

2447 2649 2732 2730 ceptionis
2775 2666 2942 2714 corr.
2988 2647 3057 2709 P.

2530 2751 2632 2814 28.
2676 2759 2761 2812 est
2801 2753 3142 2813 maximum
3182 2751 3512 2831 artificium
3557 2753 3626 2813 T.

2527 2854 2636 2917 29.
2684 2850 2836 2938 arte]
2875 2863 3055 2938 parte
3096 2854 3375 2917 PABFR.

2531 2961 2634 3022 30.
2681 2960 2877 3041 maqis
2917 2978 3079 3021 noua
3109 2959 3468 3021 auctoritate
3497 2957 3664 3031 PAF,
3706 2959 3903 3040 maqis

2444 3081 2604 3125 noua
2620 3065 2977 3125 auctoritate
2997 3083 3108 3125 nos
3128 3066 3199 3126 T.
3230 3095 3308 3108 —
3339 3069 3699 3125 commovent
3718 3081 3899 3142 quam

2443 3166 2689 3228 veritate
2732 3183 2860 3229 om.
2903 3166 3073 3227 PAF.

2464 3339 2480 3358 .
2531 3274 2634 3332 31.
2682 3267 2953 3353 ueritate]
3001 3271 3235 3332 ratione
3278 3271 3344 3334 T.
3370 3302 3451 3316 —
3473 3268 3896 3350 disputationis

2446 3392 2569 3439 om.
2606 3374 2680 3434 R.
2728 3407 2811 3420 —
2854 3375 3013 3435 enim
3055 3391 3182 3437 om.
3235 3374 3303 3436 T.

2527 3478 2631 3539 32.
2680 3472 2750 3558 ii]
2784 3476 2849 3538 hi
2890 3476 3161 3540 PABFT.
3207 3510 3290 3524 -
3342 3477 3447 3558 qui
3484 3471 3558 3558 et]
3602 3485 3657 3538 et
3691 3477 3794 3558 qui
3817 3480 3889 3540 R.

2530 3582 2673 3662 Pag.
2714 3583 2815 3643 61.
2859 3600 2917 3643 v.
2957 3583 3010 3645 1.
3090 3581 3319 3662 suerint
3361 3581 3631 3647 PABFT.

2528 3685 2585 3747 2.
2632 3685 2754 3746 sint
2797 3684 2892 3748 PB
2937 3689 3000 3746 et
3036 3702 3203 3751 corr.
3245 3684 3312 3750 F.
3344 3716 3422 3729 —
3466 3685 3677 3746 uolunt
3717 3685 3834 3747 FT.

2527 3790 2590 3851 3.
2637 3788 3000 3851 concedenda
3039 3805 3160 3849 esse
3201 3788 3472 3850 PABFT.
3707 3847 3714 3850 ,

2525 3892 2587 3954 4.
2634 3893 2720 3954 eis
2758 3888 2848 3973 de]
2897 3893 2983 3953 eis
3011 3891 3359 3973 quoddeB‚
3403 3892 3533 3954 eius
3567 3892 3632 3965 F,
3675 3890 3893 3954 eisdem

2443 3997 2517 4057 T.
2551 4029 2634 4042 —
2677 3996 2907 4058 dicetur
2949 3998 3022 4058 R.

2525 4100 2588 4166 5.
2620 4091 2956 4181 pueriliter]
3003 4099 3301 4161 inutiliter
3341 4106 3393 4160 et
3425 4097 3745 4180 pueriliter
3763 4100 3909 4187 BR.⁶

2442 4236 2525 4249 —
2568 4199 2693 4284 aut]
2741 4211 2807 4264 ut
2838 4221 2930 4285 pr.
2955 4203 3021 4274 P,
3066 4211 3119 4264 et
3147 4202 3323 4265 AFT.
3358 4199 3486 4283 (aut
3509 4205 3611 4267 BR
3635 4208 3696 4264 et
3722 4220 3889 4265 corr.

2443 4305 2546 4384 P.)
2575 4341 2657 4352 —
2698 4305 2788 4368 nil
2830 4308 2895 4368 P.
2942 4339 3022 4350 —-
3052 4303 3156 4389 est]
3203 4307 3430 4369 dicitur
3471 4308 3539 4370 F.

2526 4413 2589 4472 7.
2638 4410 2694 4471 si
2736 4411 2871 4490 quis
2912 4409 3173 4490 olympia
3201 4411 3541 4472 conuenerit
3575 4427 3672 4492 pr.
3721 4410 3787 4480 P,
3835 4411 3890 4472 si

2443 4515 2578 4595 quis
2653 4513 2732 4575 ad
2791 4513 3189 4594 olympiacum
3256 4515 3484 4576 uenerit
3552 4514 3755 4579 ABFT
3828 4521 3891 4576 et

2445 4634 2613 4679 corr.
2639 4616 2733 4677 Ῥ.
3255 4695 3264 4702 ⁸

2528 4721 2586 4781 8.
2631 4729 2698 4781 ut
2740 4721 3053 4781 omittatur
3094 4720 3163 4792 Β,
3206 4727 3273 4781 ut
3313 4718 3660 4783 obmittatur
3688 4722 3759 4787 R.
3810 4754 3887 4767 —

2441 4823 2778 4904 inpudentis
2804 4824 2870 4897 P,
2899 4821 3276 4902 inprudentes
3294 4822 3416 4893 AF,
3442 4823 3890 4905 inpudentesque
