4620 5864
1492 628 1601 694 An
1644 627 1997 694 mlv.
2043 628 2196 694 Lm.
2243 630 2325 694 11.
2359 630 2546 697 CAP.
2595 633 2807 698 3-8,

692 833 833 898 ..27
874 831 1105 916 suctum
1146 824 1229 893 s'it
1267 828 1442 893 PBF.

690 938 832 1003 28.
878 936 1369 1001 ὡσοὶπαωηιΤ.
1387 930 2095 1015 -ootpusestPABFR

727 1043 834 1107 29.
881 1043 967 1103 sit
995 1040 1231 1121 sactum
1272 1040 1344 1102 B.

686 1148 834 1211 80
878 1137 1174 1225 relictum]
1250 1141 1527 1205 relictum
1580 1140 1665 1203 sit
1721 1141 1955 1205 AFRT.
2014 1173 2099 1189 --

642 1258 751 1315 aut
782 1250 838 1312 si
862 1248 1184 1329 nmium
1210 1246 1384 1310 PBT.
1417 1277 1503 1295 -·
1530 1252 1779 1309 retum.
1814 1244 1989 1308 PAF.
2016 1277 2101 1293 -
2177 1247 2505 1313 PABFRT.

642 1348 964 1437 repertum]
1022 1370 1155 1434 rep.
1221 1350 1291 1417 P.
1375 1350 1470 1414 Ab
1531 1345 1672 1412 end.
1736 1364 1825 1411 m.
1881 1366 2102 1433 super·-
2161 1372 2164 1379 ’

644 1456 956 1542 scriptum·
994 1461 1088 1519 est
1126 1456 1404 1537 μὴν,
1468 1458 1542 1517 nt
1595 1449 1674 1516 sit
1730 1454 2093 1535 νημάτων.

646 1562 783 1627 Hoc
816 1555 1169 1642 (reperitur)
1212 1555 1469 1621 exhibet
1504 1558 1697 1619 etiam
1723 1557 1800 1619 R.
1847 1589 1932 1605 -
1969 1557 2100 1639 sue-

645 1667 734 1729 rit
762 1682 889 1729 om.
918 1662 1195 1728 PAFRT.
1229 1696 1313 1710 -
1356 1657 1433 1744 si]
1474 1668 1582 1725 aut
1612 1662 1688 1724 B.

728 1853 879 1937 Pag.
917 1827 1018 1917 19.
1065 1870 1128 1917 v.
1167 1853 1225 1916 1.
1316 1847 1392 1935 si]
1440 1857 1547 1927 aut
1589 1848 1646 1913 si
1689 1848 1766 1912 Β.
1813 1880 1897 1898 -
1939 1868 2098 1919 com·

632 1958 963 2040 prolum
1005 1964 1091 2020 est
1130 1963 1239 2019 aut
1279 1956 1354 2019 Β.

724 2072 792 2135 5.
840 2064 1224 2153 expalluisse]
1242 2084 1257 2106 ²
1272 2076 1329 2132 et
1350 2068 1644 2149 pattici-eso
1686 2068 1763 2131 R.

728 2187 788 2248 6.
834 2185 957 2246 sint
984 2183 1053 2247 P.
1095 2215 1180 2230 -
1219 2182 1376 2245 nihil
1402 2182 1620 2244 horum
1646 2180 1722 2243 R.

727 2297 790 2361 8.
838 2297 979 2359 usui
1008 2297 1081 2359 T.
1135 2328 1221 2344 --
1285 2300 1636 2358 sumtum
1667 2296 1744 2359 Β.
1798 2320 1885 2340 -·-
1946 2293 2101 2356 resi-

644 2395 824 2484 stens]
872 2401 1171 2463 resisteret
1197 2398 1245 2461 P
1261 2440 1297 2473 ,Δ
1321 2398 1623 2463 resisteret
1649 2404 1705 2459 et
1733 2397 1910 2461 AFR.

719 2504 792 2578 ‘9.
820 2507 1241 2596 ‘confideruiad
1282 2510 1673 2575 conscientiae
1694 2507 1986 2596 Spengel.
2012 2543 2097 2558 —

646 2619 768 2683 sint
807 2618 930 2682 PT.

735 2733 836 2796 10.
871 2729 1096 2814 pericli
1131 2731 1202 2799 F.
1259 2762 1344 2776 —
1414 2727 1808 2793 conscientiae
1853 2736 2099 2810 peccato

646 2837 910 2920 Fetpr.
944 2834 1014 2898 P.
1049 2868 1133 2881 -
1175 2851 1236 2897 se
1272 2848 1400 2897 om.
1432 2832 1556 2897 ΡΒ.

746 2961 846 3024 12.
896 2949 1270 3043 confirmata]
1320 2976 1455 3022 cum
1485 2960 1671 3044 firma
1712 2976 1809 3043 pr.
1844 2960 1919 3023 R.

616 3092 619 3096 ’
739 3085 838 3147 13.
885 3083 1030 3146 haec
1083 3081 1433 3168 (superscr.
1466 3078 1562 3162 ea)
1614 3079 1785 3146 habet
1839 3082 1998 3148 locos
2031 3084 2099 3147 in

648 3206 870 3256 rasura
913 3188 1100 3253 habet
1132 3206 1193 3252 a
1212 3205 1305 3252 rc.
1347 3205 1431 3251 m.
1472 3185 1545 3255 Ρ.

742 3311 843 3374 14.
893 3318 1032 3372 sunt
1091 3311 1182 3372 hii
1237 3310 1449 3393 quibus
1502 3309 1572 3372 P.
1630 3341 1715 3356 —
1784 3316 2101 3398 accusator

649 3429 819 3477 uerno
842 3421 1039 3494 potest
1073 3415 1193 3480 uti.
1228 3424 1283 3477 et
1314 3414 1385 3476 hi
1422 3413 1635 3496 quibus
1665 3414 1791 3477 nisi
1829 3414 2100 3496 defensor

2046 2026 2053 2029 .
2173 1996 2341 2042 corr.
2378 1979 2454 2043 Α.

3398 628 3626 707 ‘11

2172 848 2312 892 nem
2344 832 2584 894 testitum
2615 833 2699 908 Β,
2761 839 2821 895 et
2861 834 2941 897 ad
2978 832 3392 918 probationem
3448 834 3631 900 etad

2171 934 2666 1016 improbationem
2706 938 2944 1002 testium
2985 941 3056 1003 T.
3143 982 3150 995 .

2261 1040 2366 1102 27.
2439 1039 2527 1103 Ab
2570 1041 2694 1103 FT.
3479 1088 3486 1092 -

2256 1144 2365 1207 28.
2432 1145 2798 1208 inueniemii·
2842 1147 2979 1210 ueri
3045 1147 3116 1210 F.
3189 1180 3276 1198 ·-·
3351 1146 3628 1213 metatu

2260 1352 2367 1415 30.
2415 1354 2788 1436 confirmatio
2842 1353 2947 1418 hec
2997 1354 3118 1421 em't
3169 1354 3623 1438 disputacionis.

2180 1455 2364 1623 &31¹⁰-
2391 1458 2639 1623 l{u'sdem
2679 1561 2917 1635 PAFT,
2963 1562 3176 1627 eisdem
3223 1566 3294 1628 Β.
3342 1597 3429 1614 -
3492 1580 3631 1630 con-

2168 1664 2406 1728 iectura
2447 1667 2645 1728 omnis
2674 1668 2746 1729 Β.

2258 1770 2362 1832 34.
2406 1788 2542 1832 cum
2581 1789 2652 1832 ea
2690 1772 2940 1851 quaeR.
2971 1804 3056 1819 -
3098 1767 3271 1854 scin]
3318 1792 3470 1837 seu.
3509 1775 3632 1850 .Ρ,

2172 1892 2276 1935 seu
2317 1873 2365 1936 F
2408 1880 2473 1937 et
2509 1891 2608 1959 pr.
2643 1877 2729 1946 Α,
2795 1876 2950 1938 scire
2995 1876 3075 1950 B,
3135 1878 3377 1940 seruari
3416 1878 3522 1941 RT
3565 1884 3630 1943 et

2545 1981 2616 2046 ln
2652 1980 2706 2043 R
2745 1980 2949 2045 adscr.
2993 1977 3130 2045 ead.
3168 1998 3253 2045 ιιι.
3287 1982 3468 2045 scire.

2255 2147 2558 2230 Peg-20.
2616 2167 2677 2212 ν.
2723 2150 2783 2212 1.
2875 2157 2928 2213 et
2964 2145 3041 2232 si]
3089 2158 3196 2217 aut
3245 2152 3315 2214 F.
3372 2149 3459 2233 (et
3497 2152 3555 2217 si
3592 2172 3631 2217 a

2147 2259 2531 2317 ⁴correctore
2586 2249 2775 2318 habet.
2809 2250 2923 2334 A.)
2966 2288 3050 2301 —-
3112 2251 3326 2339 videri]
3370 2258 3506 2321 ueri
3557 2258 3626 2324 F.

2172 2358 2397 2438 (uideri
2436 2377 2471 2418 a
2509 2366 2870 2422 correctore
2916 2359 3104 2424 habet
3131 2356 3229 2441 A.)

2258 2473 2322 2535 2.
2369 2473 2540 2555 siquo
2592 2473 2784 2535 simili
2849 2473 2921 2536 T.
2976 2505 3061 2520 —
3113 2474 3384 2557 perspici
3427 2477 3499 2541 Β.
3533 2508 3648 2578 -

2160 2577 2358 2660 possit
2393 2578 2466 2645 T.

2258 2684 2321 2745 3.
2368 2674 2684 2764 recentior]
2728 2681 2821 2745 Ita
2858 2682 2913 2744 Β
2950 2698 3090 2746 cum
3117 2679 3202 2767 gl.
3243 2682 3524 2748 tenerior.
3544 2717 3629 2734 -

2173 2782 2348 2869 quod]
2397 2785 2503 2867 qui
2542 2788 2617 2850 R.

2256 2891 2320 2954 4.
2363 2886 2538 2975 scire]
2586 2890 2780 2954 dicere
2806 2892 2880 2956 R.
2927 2923 3011 2940 -
3042 2900 3245 2974 posset
3272 2894 3345 2958 B.

2258 3006 2320 3068 5.
2361 2999 2600 3069 dixeris
2621 3007 2899 3088 saturum
2937 3002 3185 3085 (mediis
3225 3005 3501 3088 omissis)
3546 3009 3626 3084 P,
3766 3034 3774 3046 ·

2174 3110 2404 3174 dixerit
2436 3111 2715 3192 [uturum
2755 3107 2940 3192 (med.
2969 3110 3131 3186 om.)
3172 3114 3219 3174 F
3260 3118 3324 3175 et
3359 3132 3460 3199 pr.
3507 3115 3583 3184 A.
3622 3177 3628 3184 ,

2259 3227 2323 3288 6.
2370 3223 2848 3315 comprobabitur
2873 3225 2984 3288 sic.
3022 3225 3371 3307 Resellemus
3398 3229 3515 3292 BF.

2259 3330 2323 3391 9.
2372 3337 2664 3409 arquetur
2697 3329 2765 3392 F.

2261 3434 2360 3496 11.
2406 3429 2553 3517 rem]
2599 3451 2830 3514 semper
2869 3447 2968 3518 pr.
3014 3432 3094 3509 P,
3153 3452 3277 3497 sem
3320 3451 3490 3500 corr.
3547 3437 3619 3501 P.

644 3516 1004 3597 ammento
1036 3517 1175 3597 AB)
1192 3525 1389 3599 petest
1414 3519 1508 3586 ati
1544 3517 1839 3582 PABFT.
1911 3521 2005 3583 De
2043 3522 2095 3585 R
2173 3572 2257 3585 -..
2298 3545 2570 3619 oportere
2614 3555 2740 3601 om
2770 3539 2844 3601 Β

646 3618 902 3686 minime
937 3619 1155 3708 liquet.
1244 3623 1399 3685 Nam
1429 3619 1521 3686 sic
1552 3619 1875 3688 Trossius:
1924 3622 2096 3706 “qui-

2168 3697 2169 3702 ,
2262 3642 2362 3705 12.
2410 3638 2573 3728 haec]
2636 3642 2746 3704 hoc
2798 3643 2868 3706 F.
2924 3675 3008 3691 —
3070 3644 3229 3708 enim
3284 3638 3373 3728 eo]
3433 3652 3630 3710 autem

643 3722 1425 3809 ommamhousoutitc.
1442 3744 1576 3798 var.
1605 3728 1679 3789 L.
1712 3745 1815 3812 ap.
1850 3726 2090 3809 Orell.,‚
2171 3748 2282 3809 1100
2324 3749 2398 3812 R.

737 3840 839 3902 1⁷.
887 3840 1264 3902 atrocitatem
1295 3839 1527 3920 peccati
1567 3840 1687 3902 Β.

736 3952 839 4014 19.
869 3948 1091 4034 γυνη]
1139 3959 1269 4013 tam
1310 3954 1380 4015 T.
1452 3997 1457 4004 ·

729 4063 837 4133 20.
882 4073 1010 4126 tum
1047 4064 1373 4146 defensoris
1419 4081 1546 4129 om.
1594 4081 1694 4150 pr.
1740 4066 1813 4129 A.
1863 4098 1948 4113 —
1992 4065 2097 4129 abs

645 4168 886 4230 testibus
927 4167 1004 4238 P,
1048 4167 1124 4228 ab
1158 4169 1399 4230 testibus
1441 4171 1511 4232 T.
1570 4203 1652 4217 —
1717 4171 1821 4234 abs
1869 4177 2093 4253 quaese.

646 4288 743 4356 pr.
779 4271 859 4344 P,
905 4271 979 4333 ab
1006 4278 1229 4352 quaest.
1260 4271 1361 4335 FT
1390 4279 1452 4337 et
1481 4289 1649 4337 corr.
1683 4273 1754 4339 P.

729 4374 831 4437 21.
881 4374 954 4436 ab
989 4393 1146 4439 rum.
1182 4375 1306 4438 FT.

731 4476 835 4540 22.
882 4478 1140 4541 dicimus
1182 4480 1255 4542 T.
1326 4489 1333 4496 ’

731 4581 835 4644 25.
881 4575 1111 4666 dicam]
1156 4582 1360 4646 diem
1399 4583 1473 4648 Β.

732 4686 837 4746 26.
884 4695 940 4748 et
978 4685 1060 4750 aci
1096 4687 1566 4779 inprobationcm
1626 4696 1680 4752 et
1721 4690 1805 4754 ad
1836 4691 2096 4756 interro-

647 4787 945 4870 9ationem
963 4793 1200 4854 testim
1213 4792 1309 4854 PF
1326 4793 1408 4868 et,
1432 4790 1665 4858 omisso
1681 4792 1879 4859 altero
1902 4797 1997 4871 ad,
2019 4798 2091 4872 Α,

647 4901 703 4956 et
753 4891 834 4956 ad
871 4893 1362 4976 improbationem
1403 4905 1459 4963 et
1506 4898 1589 4962 ad
1627 4889 2094 4983 arqumentatio-

2261 3852 2361 3915 13.
2426 3852 2599 3914 modo
2658 3869 2783 3916 om.
2850 3852 2921 3924 B.
3001 3885 3085 3899 —
3157 3846 3347 3937 testes]
3423 3872 3630 3918 eorum

2171 3963 2344 4019 testes
2387 3957 2442 4019 A
2455 4004 2472 4029 ,
2517 3963 2688 4019 testes
2718 3971 2923 4020 eorum
2969 3960 3044 4021 Β.

2259 4061 2360 4123 18.
2408 4078 2540 4123 eam
2579 4077 2709 4124 om.
2742 4061 2810 4125 F.
2859 4095 2943 4108 -
2986 4060 3142 4123 alios
3184 4061 3497 4143 quospiam
3547 4059 3619 4126 F.

2258 4174 2359 4236 19.
2407 4169 2739 4257 indiqmam]
2789 4175 2876 4236 Et
2917 4174 3229 4257 indiqnum
3270 4177 3342 4240 R.
3390 4210 3474 4223 -
3528 4178 3629 4259 sa-

2171 4279 2343 4340 cimas
2383 4295 2506 4339 esse
2538 4278 2862 4342 PABFRT.

2252 4382 2359 4444 21.
2406 4376 2637 4463 temere]
2696 4382 2786 4446 ita
2835 4389 3045 4446 temere
3081 4385 3158 4448 Β.
3220 4415 3305 4430 -
3369 4384 3622 4467 quinsuv

2172 4532 2189 4550 .
2214 4532 2231 4550 .
2253 4486 2333 4548 sit
2359 4485 2427 4549 F.
2518 4483 2666 4548 “Est
2689 4503 2907 4550 rasura
2927 4483 3102 4553 duar.
3132 4483 3248 4552 litt.
3276 4488 3447 4554 Fort.
3480 4511 3615 4572 ea.»

2173 4589 2368 4654 SPGL.

2251 4694 2358 4756 22.
2406 4689 2725 4778 quispiam]
2794 4697 3094 4778 quispiam
3141 4698 3627 4765 reminisceretur

2169 4803 2225 4861 et
2265 4798 2338 4860 B.
2387 4831 2469 4844 —
2512 4800 2866 4879 confinxerit
2909 4803 2982 4864 R.

2251 4902 2356 4967 23.
2398 4903 2914 4985 arqumentabitur
2954 4906 3027 4971 R.
