4620 5864
936 732 1036 803 ω’.
1085 740 1187 805 ms
1224 732 1497 817 PABFT.

925 842 1032 907 20.
1080 850 1510 933 confliqendum
1542 857 1672 935 PF,
1717 868 2190 954 constinqendum
2215 881 2290 946 A.

837 941 907 1006 In
950 948 1004 1012 R
1044 946 1298 1017 lectioni
1352 963 1797 1047 confinqendum
1859 993 1894 1036 a
1950 994 2046 1061 pr.
2104 1000 2293 1051 manu

836 1044 1216 1137 adscriptum
1296 1068 1393 1125 est
1447 1067 1546 1130 uel
1621 1076 2129 1160 consrinqendum.
2205 1123 2288 1136 -·

833 1151 1067 1219 tabulae
1105 1159 1180 1222 ab
1214 1164 1571 1237 aduersario
1604 1187 1712 1240 aus
1746 1182 1818 1245 T.

912 1258 1018 1322 22.
1067 1263 1241 1350 quae]
1287 1273 1433 1351 quia
1475 1276 1800 1347 PABFRT.

911 1362 1015 1426 23.
1064 1365 1201 1453 soli]
1249 1375 1444 1439 solum
1484 1381 1557 1445 R.
1589 1410 1668 1427 ·-
1710 1405 1823 1452 nos
1852 1408 1977 1458 om.
2000 1395 2275 1468 PAFRT.

822 1493 902 1511 -—
936 1479 1192 1550 propter
1233 1476 1306 1541 A.

904 1569 1006 1639 26.
1051 1594 1167 1656 quo
1200 1577 1428 1647 PAF'r.
1480 1617 1559 1630 —
1616 1592 1901 1682 officium]
1948 1606 2276 1687 artificium
2351 1636 2477 1702 mg.
2500 1623 2587 1695 B,
2635 1569 2974 1698 iher’naestes
3008 1657 3130 1724 mg.
3163 1642 3271 1728 R.)
3327 1592 3344 1609 ⁶

813 1670 1039 1739 PAFT.

894 1778 997 1838 2⁷.
1043 1783 1200 1847 nihil
1234 1785 1350 1851 PF.
1396 1824 1477 1839 -
1520 1794 1860 1867 industriae
1893 1806 2058 1878 PFT.

893 1881 998 1945 28.
1034 1905 1240 1966 pauca
1267 1910 1394 1956 om.
1423 1897 1473 1959 F
1515 1904 1577 1963 et
1612 1920 1709 1987 pr.
1739 1908 1814 1972 A.
1846 1951 1926 1964 —
1968 1914 2264 1988 diuisione

805 2000 1131 2051 causarum
1174 1992 1500 2063 PABFRT.

2464 786 2562 853 15.
2607 792 2969 874 apostema-9
3000 805 3080 868 Τ.

2461 891 2562 955 16.
2610 903 2666 957 et
2707 902 3169 983 confutationem
3212 932 3338 987 om.
3375 916 3598 990 PAFT.

2458 995 2560 1060 1⁷.
2609 1004 2759 1065 etin
2785 1010 3187 1089 confutatione
3214 1019 3387 1087 PAF.

2454 1099 2552 1163 18.
2595 1113 2808 1171 nostra
2824 1112 3168 1184 adiumenta
3191 1124 3241 1185 B
3255 1171 3272 1197 ,
3318 1142 3672 1211 arqumenta
3696 1154 3826 1207 no·—

2363 1206 2496 1265 stra
2524 1205 2705 1272 ART.
2755 1244 2833 1260 -
2878 1225 3368 1311 contrariumque
3393 1236 3464 1298 F.

2448 1308 2549 1372 19.
2597 1323 2912 1384 oratorum
2950 1326 3020 1389 Τ.
3051 1358 3132 1373 --
3170 1333 3491 1412 fecerimus
3516 1345 3592 1408 R.

2424 1933 2529 1996 28.
2580 1942 2786 2004 resciit
2827 1945 2944 2009 PB.

2421 2035 2526 2099 30.
2576 2060 2606 2103 e
2656 2062 2784 2114 om.
2834 2049 3159 2123 PABFRT.
3205 2092 3284 2113 —·
3333 2066 3615 2157 fratrem]
3662 2097 3799 2144 cum

2324 2137 2586 2216 fratrem
2618 2146 2877 2217 ABFRT
2919 2165 2986 2222 et
3017 2177 3183 2230 corr.
3222 2166 3475 2256 antiqua
3511 2196 3596 2241 m.
3635 2180 3706 2251 P.

2412 2242 2561 2328 Pag.
2598 2252 2693 2315 10.
2738 2272 2797 2318 ν.
2831 2258 2887 2322 1.
2974 2266 3234 2332 occisum
3276 2282 3331 2335 et
3372 2277 3782 2354 inimicum}

2401 3329 2417 3346 .
2612 3307 2707 3371 pr.
2738 3295 2810 3358 A.
2839 3331 2916 3345 —
2960 3303 3270 3375 Dividitur
3290 3326 3488 3383 autem
3515 3323 3583 3387 in
3626 3328 3747 3399 FT.

2373 3387 2434 3449 7.
2484 3401 2899 3464 controuersia
2956 3412 3234 3476 nascitur
3294 3419 3621 3492 PABFRT.
3666 3467 3750 3479 —

2282 3490 2560 3556 voluntas
2585 3501 2921 3582 ,scriptoris
2957 3511 3076 3577 FT.

2362 3594 2424 3657 8.
2472 3598 2603 3679 ipso
2640 3607 2866 3688 scripto
2904 3615 2971 3675 T.
3023 3649 3098 3663 —
3145 3620 3218 3684 Si
3254 3624 3354 3688 leoe
3391 3630 3471 3692 sit
3496 3633 3664 3705 PFT.

829 3644 891 3704 5.
939 3666 1074 3711 mre
1115 3652 1328 3733 secerne
1371 3660 1571 3730 PBFT
1649 3701 1727 3720 —
1794 3677 2105 3750 tacueram
2147 3710 2200 3753 ez
2363 3700 2463 3762 10.
2512 3717 2757 3772 seruata
2805 3714 2875 3777 R.
2933 3745 3009 3760 ·—
3074 3740 3490 3798 remanserunt
3550 3739 3735 3820 PBT,

732 3744 936 3823 [acere
967 3753 1015 3815 R
2274 3810 2634 3872 remanserit
2674 3815 2741 3876 F.

819 3852 881 3912 6.
929 3854 997 3916 in
1026 3867 1441 3931 controuersia
1476 3872 1543 3934 id
1574 3885 1659 3938 est
1706 3881 1756 3942 F
1814 3919 1887 3932 —-—-
1952 3910 2194 3972 aqame-
2358 3906 2427 3969 11
2521 3930 2737 3979 nauem
2801 3917 3080 4012 (ubique)
3161 3933 3209 3995 P
3303 3973 3379 3987 —
3467 3953 3523 4007 et
3601 3966 3706 4015 om

730 4066 954 4122 mostra
982 4062 1058 4137 P,
1114 4068 1494 4150 clytomestra
1533 4083 1610 4154 F,
1667 4089 2033 4162 clitomesera
2074 4102 2184 4183 T.)

812 4161 873 4223 9.
914 4176 1124 4244 partes
1156 4172 1224 4235 in
1259 4188 1761 4254 enumerationem
1792 4197 1867 4259 B.

812 4262 911 4327 11.
960 4288 1166 4336 sumus
1200 4277 1482 4359 PBFRT‚
1541 4308 1665 4356 om.
1695 4296 1772 4361 A.
1802 4333 1883 4346 -—
1942 4325 2012 4367 ea
2053 4306 2171 4373 PF.

712 4589 835 4633 non
862 4592 1026 4642 corr.
1056 4586 1105 4645 Λ
1122 4632 1138 4657 ,
1182 4608 1303 4653 esse
1338 4613 1585 4664 numero
1629 4624 1751 4671 non
1780 4614 1854 4676 R.
1886 4643 1895 4648 ·

798 4677 899 4740 14.
947 4691 1186 4751 oratori
1219 4696 1344 4759 ΒΤ.
1394 4728 1474 4754 2-—
1529 4705 1599 4769 de
1635 4714 1846 4792 quibus
1884 4720 2057 4786 rebus
2090 4728 2159 4798 R,

2330 4737 2428 4799 17.
2477 4744 2582 4820 qui
2627 4754 2965 4828 repetundis
2987 4708 3264 4840 pecunia}
3306 4774 3375 4842 T.

707 4777 778 4840 de
814 4782 1028 4863 quibus
1065 4788 1223 4868 (om.
1252 4798 1450 4879 rebus)
1490 4808 1610 4875 FT.

2324 4839 2424 4903 18.
2473 4851 2806 4917 contionem
2840 4875 2937 4941 pr.
2972 4864 3038 4933 P.
