4620 5864
1530 593 1637 662 AD
1681 592 2032 663 HERENN.
2075 595 2228 664 LIB.
2269 597 2321 666 1.
2406 596 2575 666 CAP.
2621 595 2833 667 2-7.
3618 608 3672 679 8

765 793 868 863 22.
909 793 1171 859 noluisse
1211 812 1374 879 spem
1414 794 1487 859 B.

2296 799 2400 865 30.
2445 801 2832 868 exordiemur
2869 821 2994 870 om.
3039 804 3365 877 PABFRT.
3422 838 3502 858 —-
3571 811 3670 894 fa-

762 900 869 968 23.
916 899 1120 963 odium
1154 900 1306 963 etin
1343 898 1534 968 inuid.
1561 905 1617 963 et
1650 898 1719 964 in
1754 906 1909 969 cont.
1950 902 2024 965 R.
2052 934 2134 947 -—·
2211 902 2352 967 bula
2393 924 2520 973 om.
2560 910 2631 973 T.
2662 950 2746 963 -
2809 910 3220 976 immutatione
3257 914 3428 978 PAF.
3497 914 3671 995 (imi-

678 1003 748 1069 in
781 1008 925 1069 anto
959 1010 1267 1088 contempt.
1306 1018 1434 1070 om.
1471 1003 1644 1072 PBT.
1676 1000 2138 1087 (contentionem
2211 1009 2435 1074 tatione
2461 1012 2548 1086 R,
2593 1009 2722 1076 adi.
2749 1009 2854 1078 alt.
2880 1033 3048 1079 man.
3076 1018 3173 1082 uel
3198 1019 3584 1099 mutatione.)

676 1110 747 1176 P.
790 1112 938 1175 item
978 1106 1191 1193 infra.)

2294 1114 2401 1178 31.
2449 1116 2874 1200 deprauatione
2894 1121 3170 1187 PAFRT.
3260 1125 3332 1188 In
3366 1125 3418 1188 R
3449 1121 3669 1190 eadem

761 1216 864 1279 24.
908 1210 1085 1298 quod]
1153 1215 1300 1297 quid
1354 1214 1425 1277 B.
1483 1246 1565 1260 —-
1636 1234 1727 1297 sp.
1784 1222 1839 1278 et
1893 1215 2137 1298 superbe
2211 1235 2430 1284 manus
2466 1220 2797 1308 adscripsit
2828 1227 2920 1289 vel
2942 1227 3276 1308 deprauata
3303 1229 3664 1294 inuersione.

674 1317 850 1386 PRT.
891 1352 975 1365 -
1005 1320 1325 1402 perfidiose
1358 1326 1417 1383 et
1450 1318 1769 1383 crudeliter
1804 1322 1879 1386 R.

757 1423 860 1492 26.
904 1422 1278 1487 detrahemus
1296 1405 1392 1493 ‘R.
1441 1456 1520 1471 —
1575 1423 1831 1488 diuitias
1867 1424 2134 1507 eloquen-

672 1526 822 1590 tiam
856 1527 1349 1592 incontinentiam
1377 1530 1458 1602 R,
1502 1527 1757 1591 diuitias
1797 1528 1894 1592 uel
1926 1530 2134 1593 incon-

672 1631 986 1695 tinentiam
1007 1634 1077 1696 T.
1120 1631 1596 1713 (lucontinentia
1630 1633 1712 1696 ab
1759 1628 1823 1698 h.
1860 1628 1904 1700 l.
1944 1651 2133 1719 pror-

671 1754 778 1800 sus
821 1732 1024 1800 aliena
1067 1737 1206 1816 est.)

753 1840 858 1904 28.
899 1841 1150 1907 ueritati
1189 1843 1312 1910 BT.

751 1963 898 2048 Pag.
928 1965 987 2029 5.
1030 1982 1089 2032 v.
1116 1966 1176 2033 2.
1242 1963 1652 2030 beneuolentia
1677 1964 1987 2048 colliqitur
2005 1965 2126 2042 PB,

665 2065 1122 2132 beneuolentiam
1149 2069 1495 2155 colliqmnus
1524 2070 1597 2134 R.

749 2172 809 2237 3.
854 2174 951 2235 liis
993 2173 1267 2240 PABFT.

746 2276 808 2341 4.
852 2280 1217 2360 exspectatio
1255 2275 1357 2363 sit]
1405 2278 1787 2345 existimatio
1813 2280 1894 2345 sit
1921 2280 1971 2345 P
1984 2327 2004 2358 ‚
2047 2282 2130 2347 sit

662 2383 1025 2464 exspectatio
1063 2385 1138 2448 R.
1187 2416 1269 2429 -—·
1311 2380 1423 2469 Ab]
1463 2404 1505 2448 a
1539 2385 1614 2450 R.

744 2487 805 2549 5.
851 2486 1123 2549 tollemus
1163 2487 1388 2553 PAFT.

745 2590 808 2655 7.
849 2591 1356 2657 insinuationibus
1376 2594 1555 2659 AFR.
1583 2626 1668 2640 --·
1711 2594 2117 2682 aperiendum]

1236 2699 1623 2778 aperiendum
1735 2701 2123 2780 aperiendum

2210 1324 2412 1390 Etiam
2453 1326 2502 1389 B
2549 1323 2736 1392 habet
2775 1329 3128 1413 deprauata.
3169 1362 3254 1377 -
3302 1334 3666 1398 iuuet-sione

2208 1446 2250 1490 a
2290 1431 2623 1512 suspicione
2657 1433 2789 1508 PA,
2833 1436 3173 1501 inuersione
3204 1438 3573 1519 osuspicione
3593 1439 3663 1512 F,

2206 1531 2569 1599 inuersione.
2620 1538 2696 1599 ab
2735 1540 3035 1622 ambiquo.
3084 1541 3426 1607 abiectione.
3470 1542 3669 1625 suspi-

2207 1637 2374 1701 cione
2412 1640 2482 1704 T.
2513 1667 2593 1682 -
2639 1642 2900 1706 stultitia
2941 1644 3269 1711 PABFRT.

2292 1742 2437 1827 Pag.
2464 1745 2526 1810 6.
2567 1762 2630 1813 V.
2663 1746 2721 1808 1.
2808 1750 3188 1831 superatione
3214 1751 3453 1826 AFRT.
3493 1770 3665 1835 sepa-

2205 1847 2441 1911 ratione
2467 1850 2537 1913 P.
2580 1853 3034 1937 (canopei-atione
3060 1851 3163 1932 B.)
3203 1890 3288 1906 -
3331 1856 3665 1922 collectione

2203 1953 2532 2019 PABFRT.

2288 2060 2353 2122 2.
2399 2079 2583 2125 uersu
2616 2058 2698 2147 (si
2703 2064 3172 2146 promiserimus
3189 2068 3337 2132 add.
3352 2085 3442 2135 rc.
3462 2063 3663 2153 corr.)

2202 2160 2400 2229 Aliter
2434 2185 2509 2230 ac
2534 2170 2751 2252 parati
2779 2171 3081 2252 fuerimus
3124 2190 3237 2235 nos
3291 2192 3415 2237 esse
3465 2174 3662 2238 dictu-

2200 2286 2327 2332 ros.
2416 2269 2507 2333 Ab
2538 2273 2800 2337 alicuius
2839 2276 3311 2359 interpellatione
3351 2285 3460 2341 aut
3493 2279 3664 2343 adri-

2202 2372 2382 2441 sione.
2420 2392 2532 2439 nos
2581 2395 2704 2441 non
2740 2379 2789 2442 P
2804 2426 2822 2455 ‚
2886 2398 3072 2444 uersu
3110 2383 3167 2445 si
3193 2384 3662 2465 promiserimus

2198 2479 2377 2542 aliter
2408 2499 2482 2544 ac
2510 2484 2728 2564 parati
2758 2484 3060 2566 fuerimus
3099 2505 3210 2551 nos
3241 2509 3362 2553 esse
3390 2487 3659 2553 dicturos

2196 2590 2304 2646 aut
2335 2584 2410 2648 ab
2442 2585 2704 2651 alicuius
2754 2588 3229 2672 interpellatione
3286 2601 3394 2658 aut
3435 2595 3659 2659 arrisi-

2195 2707 2322 2754 one.
2349 2708 2460 2754 nos
2487 2710 2611 2756 non
2634 2693 2690 2759 A
2728 2697 2792 2757 et
2823 2691 3086 2772 (omisso
3109 2698 3208 2775 ab)
3237 2699 3308 2764 F.
3329 2699 3656 2784 Avulgato

657 2782 967 2847 dicendum
1008 2782 1196 2857 ΑΕΒ,
1240 2784 1556 2848 dicendum
1598 2786 1681 2861 T,
1738 2785 2021 2854 utendum
2047 2790 2116 2853 B.
2194 2795 2538 2861 verborum
2579 2793 2804 2863 ordine
2843 2815 2974 2864 non
3008 2798 3317 2870 recedunt
3350 2805 3528 2878 BRT.
3573 2836 3658 2858 --

741 2887 801 2953 8.
846 2893 1021 2970 temp.
1061 2887 1131 2952 in
1171 2887 1385 2972 quibus
1426 2889 1499 2952 T.

745 2993 843 3057 11.
888 3012 1010 3057 esse
1036 2993 1277 3056 uidetur
1297 2993 1392 3057 PF
1393 2993 1520 3063 RT.
1548 3025 1633 3042 -·-
1673 2994 1771 3061 his
1791 2996 2114 3066 PAFT.·-

654 3092 812 3180 ante]
855 3116 979 3161 non
1020 3115 1118 3183 pr.
1156 3101 1228 3164 R.

743 3202 842 3264 12.
885 3202 1176 3265 audiendo
1213 3221 1313 3265 eos
1347 3203 1523 3269 AFT.
1567 3234 1652 3249 --
1693 3205 1906 3273 dixere
1937 3210 2012 3275 A.

2193 2906 2299 2966 aut
2342 2916 2468 2968 om.
2516 2903 2692 2968 BRT.
3399 2922 3402 2925 ’

2277 3009 2339 3073 3.
2381 3007 2676 3073 derisione
2718 3010 2790 3076 T.
2836 3042 2915 3057 —
2960 3019 3024 3076 et
3062 3032 3190 3079 om.
3231 3017 3356 3086 R'r.

2278 3109 2340 3177 4.
2382 3130 2495 3175 nos
2530 3121 2673 3178 ante
2712 3134 2836 3179 non
2867 3125 3000 3182 om.
3041 3122 3114 3184 Τ.
3351 3165 3354 3174 ·
3427 3153 3434 3164 -

2272 3217 2336 3281 5.
2383 3219 2562 3282 verba
2590 3238 2715 3283 om.
2754 3224 2830 3285 R.
2870 3249 2955 3267 -·
2997 3222 3250 3311 soleant]
3294 3229 3527 3302 soleant
3566 3242 3663 3303 ui-

741 3307 843 3375 13.
886 3315 992 3370 aut
1045 3307 1344 3372 hminem
1396 3326 1521 3373 non
1576 3327 1706 3375 rem
1761 3329 1887 3384 om.
1937 3315 2109 3383 PAF.
2183 3321 2321 3386 dere
2347 3323 2430 3395 A,
2476 3323 2705 3387 soleant
2726 3325 2928 3406 facere
2956 3329 3034 3392 R.
3063 3362 3148 3377 -
3192 3331 3358 3424 quid]
3392 3342 3550 3429 quod
3574 3344 3652 3414 Α,

650 3409 783 3490 (aut
819 3428 946 3474 om.
986 3408 1084 3491 B).

735 3514 833 3578 14.
880 3517 1190 3597 expectari
1231 3518 1305 3582 R.
1350 3550 1427 3566 -
1474 3517 1759 3586 dicuntur
1800 3523 1871 3588 T.

738 3619 835 3681 16.
881 3620 1102 3683 iudicio
1147 3623 1218 3685 T.

2187 3459 2266 3476 --
2309 3426 2538 3492 dicturi
2577 3430 2652 3491 T.
2703 3460 2781 3475 -
2826 3449 3033 3494 sumus
3072 3434 3142 3499 P.

2265 3532 2333 3594 7.
2378 3532 2478 3595 his
2519 3549 2645 3601 om.
2686 3532 3017 3601 PABFRT.

2264 3637 2327 3701 8.
2363 3639 2841 3721 perscripsimus
2881 3640 3003 3707 FT.
3036 3675 3119 3695 —
3164 3656 3272 3716 aut
3307 3652 3650 3729 beneuolum

733 3724 832 3792 17.
871 3730 981 3786 aut
1010 3724 1082 3787 de
1118 3726 1352 3790 maiore
1390 3734 1499 3791 aut
1532 3728 1604 3794 de
1644 3731 1877 3798 minore
1905 3736 1976 3802 T.
2019 3770 2102 3827 2-
2180 3759 2307 3807 om.
2358 3744 2429 3811 F.

642 3826 714 3889 de
755 3832 899 3890 ante
946 3829 1180 3892 maiore
1219 3821 1348 3901 om.
1387 3832 1455 3900 P.

730 3932 830 3994 18.
873 3933 1222 3996 accedamus
1245 3966 1279 3979 -
1301 3967 1335 3980 -
1360 3967 1390 3982 -
1432 3939 1807 4021 conferamus
1847 3944 1916 4013 F.

728 4037 825 4099 19.
859 4037 1242 4117 proferemus
1280 4040 1354 4105 A.
1385 4072 1467 4087 --
1508 4042 1679 4130 Item]
1720 4056 1828 4111 aut
1860 4051 2035 4117 AFR.

2262 3849 2364 3911 10.
2408 3848 2853 3918 simulationem
2875 3855 2945 3918 T.
2977 3887 3056 3907 -·
3096 3862 3304 3928 omnia
3339 3865 3452 3932 illa
3472 3869 3642 3936 B.—-
3701 3912 3720 3934 .

2174 3951 2253 4016 ad
2296 3971 2422 4022 om.
2466 3956 2536 4019 T.
3409 3961 3424 3973 “

2259 4059 2290 4121 1
2309 4061 2365 4121 1.
2414 4058 2654 4123 dicendi
2668 4080 2842 4142 opere
2851 4066 3059 4129 uenire
3074 4068 3399 4141 PABFRT.
3447 4081 3638 4148 Recte

723 4138 824 4202 22.
864 4141 1074 4221 fecerit
1128 4142 1306 4223 fidem
1370 4146 1747 4214 auditoribus
1802 4154 2092 4232 PABRT,
2169 4161 2510 4228 Lambinus
2544 4161 2765 4232 deletis
2801 4164 3045 4236 duabus
3089 4170 3344 4245 litteris:
3392 4183 3636 4253 dicendo

636 4243 1013 4307 auditoribus
1027 4246 1236 4326 fecerit
1270 4266 1367 4334 pr.
1398 4251 1484 4325 F,
1527 4254 1665 4321 aud.
1695 4258 2095 4344 feceritfidem
2155 4269 2505 4351 peruenire.

637 4361 802 4411 corr.
843 4349 912 4411 F.

717 4451 819 4514 24.
865 4453 1038 4516 rebus
1076 4473 1188 4519 nos
1228 4458 1551 4531 PABFRT.

718 4555 818 4621 25.
849 4558 1132 4638 putarint
1173 4562 1447 4631 ABFRT.

714 4658 819 4722 26.
863 4669 970 4723 aut
1013 4680 1138 4726 om.
1170 4664 1239 4728 P.

715 4759 819 4830 28.
864 4761 984 4847 cui]
1031 4786 1146 4848 quo
1187 4786 1285 4853 pr.
1313 4772 1382 4839 P.

714 4864 816 4929 29.
861 4868 1259 4949 affirmatione
1299 4875 1367 4946 P.

2257 4374 2359 4437 12.
2407 4373 2644 4439 ratione
2685 4377 2759 4440 B.

2253 4478 2355 4540 14.
2403 4485 2599 4542 tamen
2636 4498 2760 4546 om.
2789 4501 2887 4569 pr.
2916 4484 2989 4552 A.
3019 4520 3101 4536 —
3128 4501 3615 4592 comparandum]

2163 4582 2660 4648 considerandum
2701 4589 2771 4651 B.

2248 4688 2348 4754 15.
2391 4695 2532 4751 sunt
2588 4690 2764 4757 FRT.
2832 4726 2911 4742 —
2976 4698 3204 4768 docebis
3274 4709 3618 4796 (superscr.

2158 4788 2402 4869 docebo)
2443 4793 2516 4856 B.

2245 4893 2348 4959 16.
2396 4896 2547 4963 leuis
2585 4899 2658 4966 B.
2702 4930 2785 4948 --
2829 4898 2907 4989 et]
2951 4913 3017 4973 ut
3059 4911 3128 4976 T.
