4620 5864
930 641 1039 715 30

1015 848 1079 909 9.
1124 853 1333 927 partes
1359 846 1471 908 lias
1499 844 1624 910 BT.
1658 880 1742 895 -
1783 843 1911 930 aut]
1961 855 2020 910 et
2053 849 2237 919 FRT,
2282 855 2389 909 aut

935 951 999 1013 in
1026 950 1089 1014 P.
1137 945 1269 1030 (aut
1298 969 1334 1012 a
1376 953 1961 1015 correctorehabet
2004 949 2114 1031 A.)

1022 1055 1121 1118 10.
1166 1053 1321 1135 quod
1357 1073 1526 1135 saepe
1563 1054 1833 1117 indicant
1866 1063 1935 1115 ut
1973 1074 2096 1116 non
2125 1057 2248 1116 sint
2274 1056 2389 1126 PF,

932 1157 1088 1238 quod
1118 1176 1248 1237 sepe
1289 1177 1348 1218 se
1381 1157 1669 1224 indicant.
1699 1166 1767 1219 ut
1802 1176 1925 1219 non
1960 1160 2081 1219 sint
2111 1161 2157 1220 A
2176 1206 2191 1228 ‚
2238 1157 2394 1239 quod

932 1279 1062 1340 sepe
1112 1280 1184 1321 ne
1232 1261 1501 1323 incidunt
1554 1262 1809 1342 quidem.
1867 1281 1996 1342 sepe
2045 1270 2244 1322 autem
2304 1263 2394 1323 ita

933 1364 1216 1426 tenuitur.
1276 1373 1344 1426 nt
1404 1356 1525 1426 non
1579 1366 1699 1426 sint
1736 1367 1805 1427 T.
1894 1362 2217 1445 vulgatam
2266 1365 2391 1427 lec-

934 1464 1170 1530 tionem
1226 1463 1482 1531 exhibet
1541 1471 1623 1539 R,
1686 1469 1804 1531 nisi
1848 1464 2015 1551 quod
2057 1487 2164 1529 nec
2208 1464 2394 1531 habet

930 1587 1049 1655 pro
1096 1590 1187 1634 ne.

1025 1676 1119 1738 10.
1165 1655 1502 1736 necessaria
1546 1675 1720 1737 AFT.

1023 1780 1121 1840 12.
1165 1778 1423 1839 breuiter
1466 1781 1538 1840 T.

1021 1883 1121 1943 12.
1168 1872 1405 1943 utemur
1444 1890 1686 1944 nostrae
1742 1900 1978 1943 causae.
2028 1881 2267 1943 crebras
2309 1883 2388 1954 P,

928 1993 1186 2047 utemur.
1233 1985 1431 2046 nostri
1463 2003 1649 2047 causa
1677 1984 1916 2046 crebras
1950 1985 2051 2047 AF
2068 2033 2083 2055 ,
2127 1995 2384 2047 utemur.

932 2090 1373 2150 enumeratione
1416 2088 1495 2149 ad
1537 2089 1769 2149 exitum
1808 2096 2049 2149 nostrae
2079 2107 2296 2150 causae
2327 2089 2393 2149 in

930 2192 1066 2274 ipsa
1106 2210 1292 2253 causa
1334 2191 1575 2252 crebras
1618 2194 1691 2254 R.

1019 2296 1119 2357 13.
1171 2295 1543 2374 interponere
1586 2294 1893 2375 oportebit.
1933 2314 2048 2374 per
2090 2296 2163 2356 T.

1022 2398 1118 2460 14.
1162 2397 1492 2460 eommunis
1524 2416 1618 2480 pr.
1652 2397 1718 2459 P.
1751 2430 1826 2444 —
1866 2398 2088 2459 accidet
2111 2398 2387 2461 PAFRT.

1020 2502 1119 2567 15.
1165 2500 1693 2563 commendandum
1759 2500 2039 2573 PBFRT,
2130 2501 2393 2563 conside-

934 2605 1218 2677 randum,
1265 2611 1335 2666 ut
1378 2604 1629 2668 videtur
1653 2651 1669 2677 ‚
1715 2605 1788 2671 A.
1844 2637 1927 2651 -
1962 2612 2156 2685 potest
2197 2604 2396 2666 uideri

931 2708 1196 2781 accidere
1237 2708 1284 2768 Β
1316 2713 1377 2769 ot
1409 2726 1575 2770 corr.
1618 2726 1712 2791 pr.
1749 2726 1831 2771 m.
1865 2708 1940 2771 R.

1023 2814 1117 2874 17.
1163 2808 1510 2893 separatim]
1580 2813 1965 2892 separatione
2024 2810 2248 2873 PAFT.
2315 2840 2385 2852 --

935 2916 1138 2978 minus
1179 2934 1365 2977 causa
1407 2918 1481 2979 R.

1027 3020 1128 3082 20.
1173 3026 1389 3082 causae
1429 3038 1637 3099 qenere
1678 3019 1954 3081 PAFRT.

1021 3124 1127 3184 20.
1176 3123 1705 3185 consummandmn
1748 3124 1794 3184 F
1826 3129 1888 3184 et
1922 3140 2089 3184 corr.
2125 3121 2170 3181 P
2193 3167 2209 3193 ,
2253 3141 2395 3183 con-

931 3226 1242 3306 serendum
1258 3227 1331 3288 B.
1380 3223 1861 3307 (consumendum
1898 3243 1993 3309 pr.
2025 3224 2128 3303 P.)
2161 3259 2238 3270 —
2274 3245 2396 3306 pu-

940 3332 1205 3392 tauimus
1231 3332 1279 3390 B
1302 3374 1319 3404 ‚
1356 3338 1644 3410 putamus
1672 3331 1741 3391 R.
1774 3364 1856 3375 —-
1901 3325 2095 3410 Nunc]
2130 3329 2288 3391 Nam
2315 3331 2386 3390 T.

1022 3435 1127 3495 21.
1170 3430 1360 3515 nobis]
1408 3453 1449 3493 a
1490 3432 1659 3493 nobis
1700 3434 2028 3495 PABFRT.

1021 3537 1127 3598 22.
1175 3545 1350 3617 atque
1393 3555 1560 3598 omne
1604 3555 1779 3597 cause
1820 3535 1901 3597 ad
1940 3555 2125 3615 qenus
2167 3537 2239 3597 B.
2284 3545 2289 3550 ’

1020 3641 1124 3701 23.
1161 3648 1372 3721 partes
1413 3640 1712 3702 orationis
1729 3639 2038 3719 proficisci
2067 3638 2114 3698 P
2132 3684 2148 3710 ,
2182 3647 2394 3719 partes

933 3743 1029 3804 uel
1082 3744 1379 3806 orationis
1434 3743 1768 3810 rethoricae
1816 3741 2125 3823 proficisci
2188 3744 2258 3803 T.
2308 3777 2389 3788 —-

935 3847 1129 3928 iqitur
1169 3865 1296 3908 om.
1327 3846 1393 3913 F.

1027 3951 1130 4015 25.
1175 3945 1447 4031 quidque]
1495 3948 1776 4030 quicquid
1818 3949 1884 4010 P.
2277 3956 2301 3990 ¹

1023 4064 1126 4124 26.
1176 4062 1491 4123 conueniat
1559 4062 1770 4123 habere
1842 4064 1892 4124 R
1912 4108 1927 4131 ,
2000 4079 2110 4122 nos
2180 4061 2392 4124 habere

936 4166 1251 4229 conueniat
1292 4166 1363 4226 Β.

1019 4281 1123 4341 27.
1172 4229 1651 4359 dispositionum]
1699 4277 2043 4357 disponendi
2087 4279 2159 4339 T.

1024 4393 1127 4454 32.
1179 4409 1499 4473 sequamur
1540 4391 1865 4452 PABFRT.

1021 4506 1126 4566 33.
1175 4499 1418 4588 quoque]
1467 4523 1726 4584 quasque
1771 4504 1955 4574 BRT‚
2015 4521 2141 4564 om.
2190 4502 2286 4564 PF
2330 4509 2391 4565 et.

938 4627 1031 4690 pr.
1081 4609 1154 4669 A.

1024 4767 1165 4847 Pag.
1207 4765 1303 4828 48.
1351 4786 1406 4826 v.
1447 4767 1499 4829 1.
1585 4765 1738 4827 libro
1778 4764 2027 4826 secundo
2071 4765 2344 4828 PBFRT.

1022 4879 1080 4940 2.
1125 4873 1593 4959 expositionem]
1621 4878 1690 4939 in
1732 4877 2159 4957 expositionem
2200 4879 2275 4938 Β.

1787 650 1971 714 VAR.
2021 646 2243 714 LECT.
2290 648 2396 713 ΑΙ)
2443 647 3074 714 RHETORICORUM

2553 849 2616 909 3.
2664 843 3153 929 complexionem]
3204 846 3642 908 conclusionem
3685 846 3860 910 PRT.

2551 952 2614 1012 4.
2663 951 3204 1031 argumentationis
3233 959 3446 1031 partes
3489 948 3562 1010 ab
3605 953 3676 1012 T.

2551 1056 2610 1116 5.
2658 1063 2713 1116 et
2756 1073 2879 1118 om.
2925 1052 3197 1116 PBFRT.
3251 1085 3328 1099 --
3395 1049 3745 1135 artificioso]
3794 1054 3925 1135 offi-

2467 1157 2628 1219 cioso
2674 1159 2795 1221 PA.
2847 1192 2928 1203 -
2974 1157 3349 1220 secedendum
3392 1158 3558 1221 PFT.

2551 1262 2611 1323 6.
2656 1257 2715 1343 a]
2764 1261 2838 1322 ab
2882 1261 3103 1324 PBRT.

2551 1364 2613 1425 8.
2662 1360 2723 1445 a]
2766 1364 2940 1435 abB,
2988 1382 3114 1427 om.
3143 1363 3307 1426 PFT.
3344 1393 3417 1406 -
3468 1364 3828 1426 excitatione
3853 1368 3922 1428 T.

2467 1499 2552 1512 —-
2595 1468 2650 1528 si
2694 1486 2820 1529 om.
2860 1470 2931 1530 R.
2997 1486 3002 1490 ·

2551 1570 2612 1630 9.
2662 1579 2902 1632 utemur
2944 1573 3014 1638 T.
3048 1603 3127 1615 -
3172 1570 3462 1632 eiusmodi
3505 1570 3778 1633 PABFT.

2554 1675 2653 1735 10.
2697 1675 2992 1755 faciemus
3054 1674 3276 1737 PBRT.
3338 1709 3414 1720 -—
3487 1692 3744 1755 quorum
3802 1674 3925 1736 nisi

2467 1796 2652 1838 causa
2683 1778 2944 1857 postulet
2984 1777 3141 1838 nibil
3177 1779 3315 1858 fieri
3358 1780 3432 1841 R.

2556 1882 2651 1946 11.
2695 1881 2997 1961 oportebat
3040 1898 3135 1963 pr.
3165 1880 3236 1942 P.
3273 1911 3349 1921 —
3397 1882 3675 1943 obtunsae
3717 1882 3784 1945 P.

2554 1988 2654 2047 13.
2705 1993 2758 2046 et
2787 2003 2912 2047 om.
2938 1985 3161 2046 PAFT.
3196 2018 3280 2030 —
3323 1980 3382 2066 a]
3413 2003 3540 2047 om.
3568 1988 3615 2047 F
3645 1991 3704 2046 et
3729 2003 3822 2068 pr.
3848 1987 3916 2047 P.

2554 2091 2654 2151 14.
2706 2087 2780 2149 ab
2823 2105 2951 2150 om.
2986 2088 3190 2150 BFRT
3236 2094 3299 2149 et
3342 2106 3438 2169 pr.
3474 2088 3543 2149 P.

2558 2196 2656 2255 ¹5.
2705 2188 2880 2273 quod]
2929 2191 3073 2272 quia
3115 2191 3162 2252 F
3192 2197 3253 2252 et
3291 2210 3392 2275 pr.
3428 2192 3499 2252 Α.

2555 2298 2653 2359 16.
2703 2295 3108 2375 difficultatem
3156 2313 3438 2374 maynam
3479 2293 3716 2355 uidetur
3756 2297 3834 2357 T.

2555 2401 2653 2461 17.
2698 2394 2758 2480 a]
2807 2396 2881 2459 a'b
2924 2398 3151 2461 PBRT.
3185 2431 3267 2443 —
3308 2398 3704 2476 inciperemus
3745 2398 3817 2458 Β.

2557 2503 2653 2565 18.
2699 2509 3088 2563 reuertemur.
3138 2501 3212 2562 Si
3254 2500 3459 2563 PABR
3509 2507 3573 2562 ot
3618 2518 3781 2563 corr.
3830 2502 3914 2574 F,

2469 2608 2836 2668 reuertemur
2891 2604 3102 2666 licebit.
3155 2604 3212 2664 si
3265 2621 3359 2686 pr.
3390 2603 3465 2674 F,
3531 2611 3918 2665 reuertemur.

2467 2708 2683 2770 libebit.
2732 2709 2803 2769 Si
2830 2709 2903 2769 T.
2938 2742 3019 2752 -·
3055 2725 3284 2787 parum
3303 2706 3636 2787 probabilis
3662 2704 3766 2789 est]
3805 2727 3922 2787 pa·

2468 2831 2605 2873 rum
2635 2811 2972 2893 probabilis
3014 2805 3275 2890 (omisso
3306 2808 3414 2892 est)
3458 2811 3606 2871 PFT
3636 2816 3698 2870 et
3727 2828 3819 2892 pr.
3844 2810 3918 2879 A,

2468 2924 2553 2977 est
2586 2936 2811 2997 parum
2849 2915 3177 2996 probabilis
3218 2917 3345 2978 BR.
3417 2913 3665 2994 (parum
3697 2914 3921 2994 proba-

2467 3020 2605 3081 bilis
2648 3028 2732 3081 est
2774 3016 3075 3100 corr.·A.)

2562 3124 2656 3184 19.
2707 3123 3131 3185 exordiremur
3171 3123 3243 3184 Β.
3284 3151 3356 3163 -
3404 3121 3478 3183 ab
3522 3139 3645 3183 om.
3677 3122 3801 3182 BR.
3837 3155 3917 3165 —

2468 3228 2589 3288 His
2618 3226 3114 3288 translationibus
3142 3234 3196 3287 et
3224 3221 3783 3287 commutationibus
3802 3226 3919 3286 FT.

2554 3330 2660 3390 20.
2697 3329 2976 3408 partium
3018 3347 3145 3391 om.
3182 3328 3354 3392 PAT.

2552 3434 2655 3495 21.
2704 3433 3099 3512 artificiosam
3120 3431 3564 3511 dispositionem
3588 3449 3712 3493 om.
3739 3449 3834 3514 pr.
3849 3432 3919 3493 Α.

2467 3570 2549 3582 —-
2595 3531 3008 3617 artificiosam]
3057 3535 3388 3616 artificiosa
3429 3535 3549 3596 PF.
3600 3567 3678 3579 —
3731 3536 3923 3615 artifi-

2467 3637 2642 3723 ciose]
2691 3640 3055 3719 artificiosae
3097 3640 3165 3700 F.

2553 3745 2659 3803 22.
2706 3738 3144 3824 dispositiones]
3191 3742 3621 3822 disputationes
3663 3745 3732 3805 P.

2552 3847 2658 3907 24.
2706 3846 3023 3907 mediocris
3066 3846 3134 3905 P.
3185 3878 3265 3890 —-
3309 3854 3362 3908 et
3408 3865 3533 3909 om.
3569 3850 3643 3910 R.

2553 3951 2659 4010 26.
2708 3957 2846 4010 sunt
2887 3950 2957 4012 Β.
3347 3935 3356 3943 ’

2555 4054 2659 4114 27.
2704 4054 2854 4132 fiunt
2914 4054 3139 4121 PAFT‚
3213 4052 3337 4113 sint
3390 4053 3475 4123 B,
3543 4063 3680 4115 sant
3722 4055 3793 4115 R.
3837 4088 3921 4101 —

2470 4163 2523 4216 et
2564 4156 2630 4215 in
2671 4150 2893 4235 medio]
2949 4155 3016 4215 in
3055 4154 3248 4217 medio
3291 4164 3345 4217 et
3385 4157 3568 4227 AFT,
3636 4166 3688 4222 et
3730 4159 3920 4220 medio

2471 4255 2738 4331 (omisso
2767 4257 2861 4334 in)
2908 4258 2978 4318 R.
3013 4291 3097 4301 —
3138 4276 3282 4320 nam
3324 4260 3433 4320 etsi
3475 4260 3542 4321 in
3572 4279 3637 4322 re
3664 4270 3924 4321 narrata

2471 4369 2738 4441 expectat
2781 4361 2861 4430 P,
2925 4379 3070 4422 nam
3125 4369 3178 4422 et
3232 4380 3299 4423 re
3352 4373 3612 4425 narrata
3653 4359 3922 4439 (omisso

2469 4462 2696 4546 statim)
2762 4471 3030 4542 expectat
3085 4465 3216 4534 AT,
3288 4484 3432 4527 nam
3484 4475 3539 4527 et
3595 4464 3798 4526 statim
3855 4485 3923 4527 re

2467 4575 2727 4628 narrata
2784 4574 3057 4646 expectat
3101 4570 3146 4629 B
3165 4614 3180 4636 ,
3246 4586 3391 4630 nam
3449 4576 3501 4630 et
3558 4586 3622 4629 re
3661 4577 3923 4630 narrata

2469 4671 2674 4732 statim
2716 4678 3014 4750 exspectat
3052 4670 3099 4732 F
3115 4718 3130 4741 ,
3175 4689 3320 4732 nam
3360 4671 3565 4732 statim
3596 4679 3649 4733 et
3679 4690 3745 4735 re
3774 4691 3923 4735 nar-

2469 4780 2608 4833 rata
2649 4781 2950 4852 exspectat
2991 4777 3061 4836 R.
3107 4771 3549 4850 (Scribe'ndum
3596 4791 3733 4838 cum
3785 4779 3916 4837 Ste—

2468 4873 2674 4960 phano
2699 4884 2763 4939 et
2783 4871 3119 4941 Lambino:
3163 4896 3307 4941 nam
3330 4876 3533 4939 statim
3566 4897 3631 4941 re
3657 4884 3915 4942 narrata
