4620 5864
961 515 1071 586 20

1819 513 2005 581 VAR.
2048 514 2271 581 LECT.
2314 513 2422 580 AD
2466 514 3098 582 RHETORICORUM

1040 715 1331 798 Pugna.
1379 732 1443 779 v.
1483 714 1541 778 1.
1634 733 1673 777 ο
1720 731 1850 778 om.
1900 714 1972 777 P.
2036 746 2121 762 —
2185 713 2423 779 iniuria
2498 734 2564 778 eo
2625 732 2727 798 pr.
2783 713 2867 788 P,
2923 714 3191 795 profecto
3251 712 3323 778 T.
3392 746 3471 764 -
3537 711 3741 800 quasi]
3797 716 3955 800 quod

959 821 1157 903 afficio
1200 820 1275 882 Β.

926 986 943 995 ,
1042 925 1105 986 2.
1167 931 1221 986 te
1292 917 1505 1005 locavi]
1584 920 1895 984 conlocaui
1963 920 2011 983 P
2032 962 2050 994 ‚
2123 920 2420 983 collocaui

956 1026 1163 1091 AFRT
1182 1072 1202 1101 ,
1256 1025 1453 1089 locaui
1495 1026 1567 1088 B.
1631 1057 1716 1073 -
1787 1024 1886 1087 sin
1927 1020 2033 1107 est]
2082 1025 2181 1086 sin
2220 1032 2425 1087 autem

960 1138 1046 1195 est
1086 1132 1218 1204 FT,
1264 1130 1363 1191 sin
1404 1136 1512 1191 aut
1552 1131 1629 1193 R.

1045 1236 1107 1298 3.
1157 1242 1211 1297 te
1253 1228 1533 1315 liberabo]
1583 1231 1767 1295 libero
1810 1238 1865 1295 te
1907 1231 2057 1295 PAF
2071 1278 2093 1304 ,
2165 1231 2422 1295 liberabo

958 1346 1013 1403 te
1055 1339 1233 1401 BRT.
1271 1367 1350 1379 -
1385 1332 1796 1418 incommodis]
1834 1335 2319 1399 abincommodis
2341 1338 2416 1400 R.

1040 1442 1106 1506 4.
1155 1434 1653 1522 repraehendetur
1692 1440 1763 1501 Ρ.
1812 1472 1897 1486 —-
1939 1439 2134 1501 altera
2179 1441 2253 1501 T.

1044 1548 1106 1609 5.
1154 1546 1411 1608 diluitur
1452 1542 1707 1606 PAFRT
1726 1588 1745 1615 ‚
1790 1542 2065 1604 diluatur
2106 1541 2183 1604 B.

1042 1651 1102 1713 6.
1148 1649 1485 1729 improbum
1512 1666 1638 1709 esse
1660 1646 1891 1727 chre-sp.
1918 1646 2117 1708 PAFa’
2134 1690 2152 1718 ,
2196 1645 2425 1726 impro-

959 1752 1098 1816 bum
1139 1752 1361 1833 thresp.
1398 1770 1519 1813 esse
1560 1750 1634 1812 Β.
1687 1780 1763 1796 ——
1829 1748 2155 1819 existimas
2196 1748 2422 1820 PAFR,

961 1855 1356 1920 existimabas
1396 1854 1526 1917 BT.

1045 1962 1111 2023 7.
1158 1954 1319 2040 huic]
1346 1957 1526 2019 huius
1546 1956 1699 2020 FRT
1721 1960 1785 2020 et
1799 1971 1974 2021 corr.
2005 1953 2075 2015 P.
2103 1985 2183 1998 -
2228 1954 2326 2015 his
2343 1955 2416 2015 Β.

1046 2064 1111 2126 8.
1161 2080 1370 2124 errare
1391 2062 1462 2123 F.
1488 2094 1571 2108 -
1596 2060 1767 2140 suqio
1787 2077 1946 2120 nunc
1966 2057 2270 2139 coqnitum
2287 2059 2414 2120 BR.

1049 2178 1114 2240 9.
1163 2170 1421 2257 acutior]
1470 2173 1707 2235 auctior
1749 2189 1847 2255 pr.
1881 2170 1952 2232 P.

1054 2290 1156 2353 10.
1206 2287 1609 2369 excoqitatum
1634 2303 1734 2369 pr.
1760 2284 1834 2346 Α.
1859 2274 1943 2330 -’-
1969 2284 2117 2345 Item
2146 2300 2272 2347 om.
2297 2284 2419 2347 AF.

1054 2404 1156 2467 11.
1204 2400 1577 2481 confirmatio
1643 2406 1727 2461 est
1785 2398 2005 2460 PBFT.
2070 2428 2151 2444 -·-
2212 2418 2259 2479 p

965 2502 1084 2588 res]
1143 2505 1355 2587 plures
1419 2501 1689 2581 (omisso
1741 2498 1871 2580 res)
1930 2501 1984 2563 R
2040 2507 2102 2563 et
2154 2519 2253 2583 pr.
2287 2503 2422 2576 AF,

952 2611 1146 2694 plura
1186 2610 1255 2670 Β.
1302 2642 1386 2654 -
1419 2626 1540 2690 pro
1584 2612 1742 2669 certo
1785 2605 2091 2668 abutimur
2132 2607 2205 2667 Τ.

1056 2724 1157 2786 12.
1193 2717 1401 2804 pallet]
1439 2722 1616 2803 parit
1657 2738 1752 2804 pr.
1788 2720 1855 2783 P.

1057 2838 1159 2900 14.
1207 2831 1438 2919 habent]
1487 2841 1625 2896 sunt
1668 2836 1718 2896 T
1763 2839 1826 2897 et
1865 2851 1963 2917 pr.
2003 2833 2080 2897 A.

1058 2953 1158 3015 15.
1209 2950 1439 3012 similia
1467 2957 1855 3011 concurrunt.
1888 2947 2164 3011 nonnihil
2204 2944 2431 3026 (omis

969 3057 1054 3120 sis
1104 3055 1276 3132 Quod
1318 3054 1373 3114 si
1414 3052 1851 3128 concurrerint)
1894 3052 1979 3124 P,
2025 3052 2254 3114 similia
2291 3069 2431 3112 con-

970 3160 1294 3222 currerint.
1355 3156 1633 3218 nonnihil
1674 3153 1925 3234 (deletis
1976 3155 2147 3233 Quod
2189 3155 2246 3216 si
2288 3173 2426 3215 eon-

970 3261 1307 3341 currerint)
1349 3261 1436 3334 A.
1510 3261 1738 3322 similia
1780 3266 2170 3322 concurrunt.
2219 3256 2431 3339 quodsi

974 3366 1413 3429 concurrerint.
1464 3364 1735 3426 nonnihil
1777 3365 1850 3425 B.

1062 3480 1163 3541 16.
1212 3472 1413 3560 quum]
1484 3476 1640 3558 quod
1705 3476 1836 3548 PB,
1910 3474 2144 3556 quando
2202 3476 2304 3539 RT
2372 3480 2433 3536 et

975 3600 1141 3646 corr.
1174 3583 1255 3653 A,
1303 3599 1437 3643 cum
1478 3567 1558 3652 F,
1606 3598 1731 3643 om.
1762 3597 1861 3663 pr.
1896 3578 1971 3640 A.

1062 3697 1162 3758 17.
1208 3689 1319 3776 vel]
1385 3702 1438 3755 et
1494 3693 1575 3766 P,
1639 3692 1737 3753 uel
1791 3699 1843 3753 et
1896 3693 1967 3754 F.
2017 3725 2098 3737 -
2172 3690 2239 3752 in
2291 3695 2431 3753 ante

974 3818 1106 3861 eum
1150 3817 1275 3862 om.
1312 3796 1480 3859 PFT.
1513 3829 1596 3842 —
1640 3795 1704 3856 id
1748 3813 1873 3858 om.
1905 3796 2020 3858 PF.
2061 3827 2138 3838 -
2180 3791 2427 3877 dicitur]

972 3902 1120 3965 dicit
1161 3902 1257 3965 PB
1303 3907 1364 3963 et
1405 3918 1495 3963 rc.
1524 3900 1605 3968 F,
1655 3917 1781 3960 om.
1812 3916 1907 3982 pr.
1940 3899 2007 3959 F.

1066 4015 1166 4077 19.
1215 4008 1339 4095 qui]
1406 4012 1464 4074 si
1525 4029 1625 4096 pr.
1674 4010 1742 4075 P.
1786 4044 1869 4057 —
1941 4010 2194 4074 alteram
2246 4019 2312 4074 at
2368 4020 2434 4074 tu

982 4118 1221 4181 duxisti
1262 4118 1333 4184 F.

1062 4232 1167 4299 21.
1211 4229 1491 4292 deductus
1533 4223 1739 4314 pr.'P,
1784 4229 1994 4292 ductus
2035 4230 2135 4292 FT
2166 4234 2229 4300 et
2258 4247 2427 4293 corr.

979 4338 1049 4399 P.
1102 4368 1178 4382 —
1224 4333 1589 4398 Huiusmodi
1631 4333 1854 4397 PAFT.

1065 4449 1170 4511 22.
1208 4448 1538 4529 probentur
1579 4450 1651 4510 T.

1066 4563 1171 4625 23.
1219 4557 1574 4643 dilabentur]
1621 4559 1927 4622 diluentur
1968 4559 2124 4622 ΑΕΒ
2167 4565 2231 4623 et
2266 4578 2433 4625 corr.

983 4666 1031 4728 P
1048 4713 1064 4736 .
1128 4665 1451 4727 diluentur.
1518 4665 1587 4726 in
1640 4664 2003 4726 contentione
2051 4664 2120 4725 in
2158 4666 2435 4727 maxima

974 4776 1224 4854 peccata
1263 4767 1604 4830 dilabentur
1645 4770 1715 4831 T.
1758 4801 1841 4814 —
1900 4787 2024 4851 pro
2079 4764 2259 4851 certo]
2319 4787 2436 4853 pro

2481 1762 2604 1815 ”aut
2632 1760 2830 1815 motus
2854 1770 3136 1832 superum
3178 1753 3259 1824 R,
3306 1752 3416 1814 hoc
3442 1752 3635 1816 modo.

2499 820 2777 891 PABFR.
2822 817 2978 898 quod
3018 818 3195 900 quasi
3237 819 3309 883 T.

2581 923 2684 986 24.
2729 929 2963 985 constat
3004 921 3415 986 PABFT.·--
3459 920 3635 1008 quod]
3682 927 3829 1008 quia
3871 927 3948 989 A.

2497 1058 2581 1075 -
2622 1026 2734 1088 hoc
2771 1026 2947 1088 modo
2988 1026 3205 1089 studiis
3247 1046 3372 1090 esse
3402 1036 3620 1108 potest.
3678 1038 3783 1092 aut
3826 1050 3955 1094 mo-

2498 1137 2626 1192 tum
2664 1148 2949 1210 superum
2989 1147 3088 1213 pr.
3127 1132 3208 1203 P,
3265 1131 3376 1193 hoc
3414 1132 3589 1195 modo
3629 1133 3720 1196 nil
3760 1143 3829 1196 tu
3865 1134 3956 1197 dii

2498 1253 2619 1296 esse
2661 1242 2876 1314 potest.
2927 1243 3034 1296 aut
3087 1241 3284 1296 motus
3336 1254 3624 1316 superum
3684 1254 3849 1300 corr.
3871 1239 3919 1300 P
3934 1282 3953 1312 ,

2497 1338 2608 1400 hoc
2649 1338 2844 1400 mode.
2892 1338 3064 1402 Nihil
3103 1338 3289 1399 studii
3333 1357 3453 1401 esse
3470 1347 3666 1420 potest
3697 1348 3804 1403 aut
3830 1360 3958 1403 mo-

2499 1450 2596 1504 tus
2656 1461 2938 1523 superum
3001 1442 3054 1504 A
3113 1447 3178 1503 et
3231 1458 3357 1523 mg.
3411 1441 3490 1516 F,
3561 1443 3675 1505 hoc
3752 1445 3948 1507 modo.

2497 1547 2636 1609 Eho
2665 1554 2732 1607 tu
2753 1545 2849 1607 dii
2876 1544 3090 1627 quibus
3127 1551 3213 1607 est
3249 1552 3516 1626 potestas
3556 1566 3841 1627 superum
3876 1548 3921 1609 F
3935 1594 3953 1620 ,
3987 1531 3999 1543 ’

2498 1650 2606 1711 hoc
2636 1649 2831 1711 mode.
2921 1648 3059 1710 Eho
3093 1657 3160 1710 tu
3206 1648 3296 1710 dii
3331 1649 3544 1730 quibus
3573 1658 3658 1711 est
3690 1660 3957 1731 potestas

3720 1755 3861 1816 Eho
3891 1762 3958 1817 tu

2497 1857 2586 1919 dii
2627 1856 2839 1938 quibus
2891 1864 2977 1917 est
3019 1862 3284 1936 potestas
3325 1863 3522 1919 motus
3562 1876 3843 2000 superum
3885 1860 3956 1923 T.

2585 1962 2687 2026 25.
2734 1955 2929 2041 atque]
2977 1966 3085 2021 aut
3127 1961 3201 2022 R.

2582 2064 2688 2127 26.
2738 2064 2898 2127 enim
2940 2080 3067 2126 om.
3099 2064 3254 2127 BRT
3299 2066 3362 2126 et
3402 2081 3500 2147 pr.
3530 2065 3599 2129 F.
3652 2098 3737 2112 -
3809 2061 3951 2149 sese]

2500 2188 2560 2230 se
2602 2168 2723 2231 BF.

2586 2273 2688 2335 27.
2733 2267 3170 2354 Cresphontem]
3198 2271 3564 2351 the-spretum
3585 2271 3688 2333 PA
3706 2318 3723 2345 ,
3767 2273 3960 2339 thres-

2263 2398 2424 2460 ιτα-8,,
2492 2385 2732 2458 pontem
2754 2376 2832 2449 B,
2877 2377 3292 2458 chrespontum
3318 2376 3397 2450 F,
3451 2376 3846 2456 tesprottoemn
3880 2380 3953 2440 T.

2586 2481 2692 2543 28.
2739 2481 2830 2541 ita
2860 2476 3000 2562 esse]
3049 2480 3113 2542 id
3140 2481 3230 2542 ita
3260 2499 3381 2541 esse
3410 2483 3494 2552 R,
3540 2480 3631 2542 ita
3651 2499 3774 2542 esse
3793 2480 3859 2575 id
3879 2484 3953 2545 T.

2585 2585 2734 2665 Pag.
2763 2583 2866 2647 34.
2909 2602 2972 2648 v.
3004 2585 3071 2649 ,1.
3159 2584 3315 2646 hunc
3338 2579 3426 2667 in]
3472 2585 3541 2646 in
3567 2584 3723 2646 hunc
3741 2584 3960 2647 PT.—

2502 2689 2759 2750 uenisset
2805 2689 2875 2749 T.
2924 2720 3008 2734 —-
3058 2705 3202 2750 nam
3244 2687 3354 2750 hoc
3392 2695 3500 2749 aut
3535 2687 3647 2750 hoc
3689 2688 3961 2769 fecissem

2506 2793 2738 2864 PAFT,
2782 2810 2925 2853 nam
2953 2791 3063 2853 hoc
3091 2791 3252 2854 haud
3283 2780 3556 2874 fecissem
3584 2793 3657 2853 B.
3699 2824 3784 2840 -
3829 2788 3954 2874 sed]
4068 2877 4074 2881 ι

2505 2903 2560 2959 et
2601 2897 2649 2959 F
2693 2901 2754 2960 et
2795 2912 2966 2959 corr.
3000 2895 3072 2958 P.

2589 3002 2651 3062 2.
2702 3020 2793 3063 me
2837 2996 2983 3082 tum]
3031 3007 3250 3063 metam
3287 3000 3407 3067 PF.
3443 3027 3521 3042 -—
3558 2995 3739 3083 suqit]
3782 3000 3964 3081 secis—

2506 3113 2593 3167 set
2637 3105 2754 3168 PF.
2798 3137 2880 3149 --
2925 3105 3081 3186 quod
3123 3122 3251 3168 om.
3292 3105 3367 3166 R.

2592 3210 2653 3271 3.
2703 3209 2914 3290 aliqua
2951 3209 3174 3289 teqitur
3216 3225 3312 3292 pr.
3354 3207 3434 3282 P,
3500 3153 3708 3289 aliqua
3742 3209 3964 3289 teqitur

2508 3313 2625 3375 leui
2667 3314 2740 3374 Β.
2789 3309 3021 3393 (aliqua
3062 3312 3179 3374 leui
3221 3312 3442 3393 teqitur
3484 3330 3653 3374 corr.
3685 3330 3776 3375 rc.
3803 3309 3906 3390 P.)

2592 3419 2652 3479 5.
2697 3412 3058 3498 expetebant]
3094 3415 3475 3497 expectabam
3501 3433 3597 3499 pr.
3628 3416 3674 3476 P
3692 3464 3708 3492 ,
3753 3434 3963 3496 expec-

2509 3522 2713 3584 tabant
2753 3522 2931 3585 AFR.
2980 3519 3352 3600 (expetebant
3395 3536 3559 3582 corr.
3597 3516 3697 3601 P.)

2594 3627 2656 3688 6.
2705 3620 2928 3706 Reqno]
2997 3625 3063 3685 in
3115 3642 3299 3705 requo
3347 3623 3423 3684 R.
3493 3663 3575 3676 --
3640 3618 3956 3704 desertum]

2508 3729 2772 3791 desertus
2817 3746 2912 3811 pr.
2947 3728 2995 3789 P
3010 3774 3027 3801 ,
3072 3747 3133 3789 es
3172 3726 3436 3789 desertus
3469 3727 3621 3790 AFT
3639 3775 3656 3798 ,
3700 3728 3964 3789 desertus

2509 3852 2570 3895 es
2611 3834 2695 3904 R,
2723 3851 2874 3894 cum
2916 3831 3181 3894 desertus
3222 3851 3285 3894 es
3325 3833 3374 3893 Β
3420 3836 3487 3895 et
3524 3847 3691 3894 corr.
3722 3831 3790 3898 P.

2593 3939 2654 4004 7.
2688 3936 2964 4016 periculo
3008 3937 3335 3999 PABFRT.
3393 3969 3475 3980 —-
3541 3935 3704 3997 solus
3753 3935 3964 3998 AFRT

2510 4045 2572 4102 et
2614 4057 2780 4102 corr.
2818 4041 2903 4111 Ρ,
2970 4039 3235 4102 solamen
3276 4040 3347 4101 Β.
3403 4040 3556 4120 (sola
3597 4057 3696 4122 pr.
3728 4037 3834 4116 P.)
3879 4070 3960 4083 —

2507 4151 2574 4205 ut
2638 4160 2765 4206 om.
2818 4142 3045 4205 PAFR.
3098 4171 3180 4183 -
3251 4138 3584 4224 restituam]
3662 4142 3963 4205 restitutio

2508 4266 2606 4331 pr.
2651 4248 2732 4320 P,
2779 4248 3209 4309 restitutionem
3237 4245 3392 4309 AFR
3430 4252 3495 4308 et
3522 4263 3689 4309 corr.
3725 4245 3797 4306 P.

2592 4353 2653 4416 8.
2697 4352 2885 4415 aliam
2915 4347 3002 4433 in]
3050 4352 3119 4414 in
3149 4351 3338 4413 aliam
3380 4349 3703 4414 PABFRT.
3735 4383 3810 4395 —
3856 4347 3958 4434 sit]

2509 4465 2594 4519 est
2634 4458 2761 4519 AT.
2812 4453 2958 4537 (om.
3000 4472 3100 4539 pr.
3136 4450 3237 4535 A.)

2597 4560 2658 4621 9.
2697 4568 2909 4640 potens
2934 4591 2964 4605 -
2987 4590 3021 4605 -
3045 4591 3076 4604 -
3106 4557 3386 4621 concione
3410 4575 3539 4621 om.
3562 4555 3656 4618 PF
3686 4563 3749 4621 et
3768 4577 3864 4641 pr.
3881 4559 3955 4620 Α.

2599 4665 2699 4724 10.
2748 4664 3111 4726 contentione
3155 4663 3225 4723 T.
3279 4694 3363 4709 -
3426 4654 3529 4741 est]
3587 4679 3709 4724 esse
3766 4666 3835 4725 T.
3877 4695 3960 4708 —

2509 4767 2602 4831 uti
2639 4768 2820 4830 malis
2860 4766 3099 4847 reqibus
3139 4766 3211 4844 F.
3273 4800 3359 4814 -
3428 4782 3609 4847 quam
3648 4766 3741 4829 uti
3781 4764 3961 4827 malis
