4620 5864
1403 614 1510 677 AD
1553 614 1904 680 HERENN.
1952 614 2104 679 LlB.
2152 612 2258 678 lv.
2351 611 2519 679 CAP.
2590 614 2782 677 1-4,

634 817 708 880 Τ.
750 850 832 862 —-
872 813 1040 878 dicat
1079 833 1201 879 esse
1242 813 1380 878 illos
1420 814 1706 891 PABFT,
1747 814 1910 879 dicat
1949 814 2088 879 illos
2159 832 2225 876 re
2251 845 2283 857 -
2308 844 2338 858 -
2365 845 2392 857 -

634 938 756 982 esse
796 921 870 983 R.

718 1025 780 1085 9.
828 1041 1126 1087 carcerem
1167 1023 1339 1087 PBT.
1388 1054 1464 1069 -
1511 1031 1730 1086 narrat
1772 1025 1890 1087 AF.

720 1129 819 1190 10.
862 1128 1065 1191 Ladas
1120 1134 1226 1189 aut
1282 1122 1495 1208 Boius]
1559 1128 1729 1191 ladas
1769 1135 1876 1190 aut
1917 1127 2086 1189 bouis

631 1231 697 1303 P,
743 1231 945 1294 laedas
986 1239 1089 1295 aut
1132 1230 1260 1292 bois
1300 1230 1375 1301 A,
1419 1231 1632 1294 laudas
1659 1239 1767 1294 aut
1821 1232 1971 1295 loris
2013 1232 2082 1304 B,

630 1336 792 1397 tedas
843 1342 952 1397 aut
1004 1335 1131 1396 bois
1192 1334 1275 1406 F,
1341 1335 1514 1396 ladas
1561 1344 1670 1398 aut
1710 1336 1837 1397 bois
1880 1337 1953 1398 R.
2001 1362 2082 1375 —

627 1434 949 1521 Sicyoniis]
996 1437 1260 1500 sisonius
1302 1456 1397 1523 pr.
1445 1438 1524 1514 P,
1584 1439 1832 1523 sisoniis
1872 1439 1978 1499 AT
2022 1443 2088 1499 et

630 1561 793 1606 corr.
836 1542 919 1615 P,
966 1542 1188 1605 sisonis
1230 1544 1311 1614 B,
1354 1544 1609 1605 sisornis
1651 1544 1719 1605 F.
1764 1572 1848 1586 —
1889 1541 2086 1604 cursi-

631 1652 827 1708 tarent
870 1645 917 1706 F
963 1653 1027 1709 οἱ
1066 1666 1165 1727 pr.
1208 1649 1277 1709 T.
1323 1678 1402 1689 -
1445 1648 1552 1731 isti
1590 1647 1695 1728 qui
1736 1647 1804 1708 in
1845 1649 1915 1709 T.

602 1756 639 1804 .'
697 1751 729 1810 1
742 1751 771 1811 1
782 1794 798 1810 .
817 1748 1216 1812 descenderint
1232 1769 1400 1813 corr.
1422 1749 1885 1815 T.—elaborant
1897 1751 2076 1832 pr.T.

655 1849 659 1853 ’
718 1854 816 1915 12.
859 1850 1052 1936 aiunt]
1083 1854 1350 1916 adiciunt
1373 1871 1468 1937 pr.
1498 1853 1567 1927 P,
1593 1853 1797 1916 dicunt
1820 1871 1985 1916 cort.
2013 1853 2080 1915 P.

716 1958 816 2019 13.
865 1953 955 2039 ut]
1001 1958 1093 2021 uti
1133 1958 1260 2019 BR.
1296 1989 1380 2001 —
1410 1956 1674 2019 studium
1702 1956 1924 2028 PAFT,
1959 1964 2085 2019 stu-

630 2059 727 2121 dio
770 2062 847 2124 R.
889 2059 1180 2139 (stadium
1220 2057 1331 2139 B.)
1360 2093 1440 2103 —
1483 2060 1643 2122 artis
1684 2078 1809 2123 om.
1857 2060 2080 2123 PAFT.

714 2164 812 2230 15.
855 2159 1159 2245 venentur]
1207 2173 1572 2226 uenerantur
1623 2181 1789 2227 corr.
1838 2162 1911 2225 P.

555 2292 575 2317 ·-
714 2267 811 2329 16.
861 2262 1040 2348 Quid]
1104 2267 1261 2348 quod
1315 2268 1387 2329 F.
1452 2304 1533 2319 -—-
1588 2267 1685 2329 uis
1726 2267 1834 2329 tibi
1875 2267 1948 2328 Β.
1997 2296 2080 2313 —-

623 2370 857 2452 inquiat
899 2369 1124 2457 PAFT,
1168 2370 1364 2451 inquit
1404 2370 1478 2433 R.
1516 2404 1598 2417 —
1621 2377 1864 2452 partem
1903 2370 2075 2433 PAF.

624 2505 708 2520 -
749 2492 942 2535 nouas
982 2472 1152 2534 nobis
1192 2472 1467 2536 PABFR.

713 2577 813 2641 18.
858 2578 1096 2640 nomine
1136 2576 1207 2638 F.
1242 2610 1324 2622 —
1354 2574 1649 2661 aliorum]
1683 2578 1899 2651 alienis
1940 2579 2013 2640 T.

715 2681 811 2744 19.
860 2674 1086 2762 eorum]
1145 2688 1252 2742 tua
1309 2681 1431 2745 FR.
1485 2715 1570 2728 -
1619 2682 1967 2763 prenderint
2009 2683 2078 2753 F,

476 2765 489 2780 ⁶
618 2784 973 2864 prenderent
1015 2785 1087 2846 T.

674 2888 814 2974 20.
860 2885 930 2949 de
973 2886 1144 2949 tibris
1184 2886 1390 2951 tulerit
1434 2882 1695 2971 (omisso
1723 2884 1868 2970 tuis)
1899 2889 1971 2962 R,
2010 2888 2079 2952 de

622 2990 796 3053 libris
837 2991 1042 3053 tulerit
1082 2992 1205 3053 tuis
1245 2992 1327 3066 F,
1385 2992 1453 3054 de
1496 2992 1670 3055 libris
1709 2993 1839 3055 suis
1878 3011 2078 3073 sump-

621 3103 751 3157 tum
793 3095 996 3157 tulerit
1037 3095 1106 3168 B,
1150 3096 1354 3158 tulerit
1393 3095 1463 3158 de
1505 3095 1679 3158 libris
1720 3096 1844 3159 tuis
1869 3115 1968 3181 pr.
2005 3098 2076 3165 T.

622 3196 723 3278 (de
765 3198 938 3260 libris
979 3199 1102 3261 tuis
1142 3199 1346 3262 tiderit
1390 3219 1555 3264 corr.
1606 3197 1709 3278 T.)

706 3303 810 3366 21.
851 3297 955 3385 At]
1001 3303 1081 3364 ad
1123 3321 1216 3386 pr.
1266 3303 1336 3378 P,
1383 3312 1491 3367 aut
1532 3304 1602 3367 F.
1651 3297 1745 3386 (at
1774 3323 1940 3370 corr.
1974 3303 2077 3387 P.)

705 3406 812 3467 22.
859 3414 927 3468 ut
969 3425 1094 3471 om.
1139 3407 1189 3468 T
1234 3413 1298 3470 et
1339 3427 1504 3472 corr.
1549 3410 1621 3470 Β.

705 3509 811 3572 23.
858 3509 956 3571 hic
1005 3529 1131 3574 om.
1174 3513 1250 3576 R.

703 3612 807 3676 25.
849 3615 1283 3678 exortationem
1324 3618 1392 3680 F.

704 3717 806 3780 26.
853 3719 1120 3799 eoeemplo
1165 3719 1232 3781 F.

703 3821 809 3884 26.
857 3830 911 3884 et
943 3817 1247 3905 ponimus]
1296 3823 1651 3904 exponimus
1696 3826 1768 3887 T.
1816 3857 1900 3871 —
1941 3824 2077 3907 qui-

619 3919 744 4006 bus]
779 3925 934 4014 quod
977 3925 1253 3989 PAFRT.
1302 3926 1569 3990 Litteras
1611 3927 1687 3989 od
1715 3928 1761 3989 P
1791 3923 2026 4008 habet
2008 3948 2073 3989 m

619 4044 864 4090 rasura.
912 4026 1156 4110 (quibus
1198 4024 1301 4109 B.)

704 4131 852 4215 Pag.
907 4134 1006 4195 62.
1064 4151 1121 4197 v,
1185 4134 1241 4197 1.
1314 4134 1623 4215 possimus
1665 4136 1738 4197 B.
1786 4169 1869 4183 —
1913 4136 2076 4198 testi-

617 4231 904 4317 monium]
950 4254 1072 4297 non
1114 4237 1519 4299 testimonium
1561 4238 1661 4300 AF
1691 4246 1757 4301 et
1783 4258 1952 4304 corr.
1997 4239 2068 4301 P.

703 4339 766 4401 2.
813 4338 923 4402 hoc
975 4340 1218 4401 interest
1260 4340 1452 4421 ἐρίων·
1493 4339 1673 4414 ΡΑΤ,
1732 4342 1842 4406 hoc
1884 4343 2074 4424 iqitur

3507 612 3615 684 39

2434 810 2516 874 At
2557 811 2622 874 id
2664 811 2810 875 add.
2857 828 2952 874 rc.
2999 828 3130 893 mg.
3178 808 3282 893 P.)

2159 912 2245 999 re]
2294 917 2387 978 rei
2430 917 2503 977 T.

2243 1022 2305 1082 5.
2355 1038 2476 1081 non
2506 1027 2703 1100 potest
2742 1037 2869 1082 rem
2912 1020 2986 1080 T.

2244 1125 2303 1185 6.
2349 1141 2483 1185 cum
2527 1142 2592 1186 re
2632 1119 2773 1205 non]
2835 1121 2992 1204 quod
3047 1139 3114 1184 re
3160 1140 3281 1185 non
3325 1122 3406 1193 P,
3461 1120 3617 1203 quod

2160 1228 2251 1288 rei
2291 1245 2414 1289 non
2442 1228 2564 1299 AF,
2609 1246 2745 1303 σωκ
2785 1245 2906 1288 non
2946 1243 3013 1287 re
3055 1226 3128 1287 B.
3162 1259 3246 1272 —
3273 1221 3453 1307 Quid]
3494 1226 3617 1303 Qui

2157 1332 2279 1392 AF.
2325 1359 2402 1372 —
2449 1325 2614 1413 quia]
2676 1330 2781 1412 qui
2833 1332 2918 1401 R,
2982 1330 3128 1412 quia
3170 1329 3274 1412 qui
3316 1332 3387 1393 B.
3430 1361 3504 1375 -
3556 1348 3616 1391 se

2158 1442 2350 1497 artem
2390 1434 2617 1497 AFRT.

2242 1539 2305 1601 7.
2356 1546 2412 1600 et
2453 1556 2581 1601 om.
2630 1536 2853 1606 PAFT,
2898 1568 2982 1584 -—
3014 1537 3252 1619 profert
3278 1539 3348 1603 F.
3384 1570 3463 1583 -
3507 1532 3610 1619 iis]

2155 1642 2253 1703 his
2294 1642 2516 1719 PBFT.

2241 1746 2303 1808 8.
2353 1745 2705 1825 scripserint
2748 1746 2817 1808 F.

2242 1850 2302 1911 9.
2345 1849 2610 1911 scribant
2650 1850 2698 1910 F
2745 1857 2809 1912 et
2849 1867 2944 1933 pr.
2980 1851 3057 1912 Α.

2245 1953 2345 2015 11.
2394 1948 2568 2035 quod]
2616 1953 2872 2033 quidF.
2921 1953 3380 2038 —docerepr.
3414 1953 3480 2027 P,
3509 1953 3615 2017 do-

2155 2064 2323 2118 ceant
2366 2058 2415 2118 T
2446 2062 2509 2120 et
2543 2075 2707 2120 corr.
2742 2055 2812 2119 P.
2834 2090 2917 2104 -
2941 2075 3076 2119 cum
3116 2077 3260 2121 uero
3302 2058 3372 2122 in
3396 2076 3612 2123 rasura

2156 2160 2352 2223 habet
2410 2161 2479 2223 P.
2531 2189 2605 2202 —
2651 2160 2866 2225 nobis.
2957 2162 3157 2242 .qm‘d
3210 2163 3615 2243 eoecoqitarint

2155 2264 2221 2337 P,
2264 2264 2434 2325 nobis
2475 2264 2618 2345 quid
2660 2265 3064 2346 excoqitarint
3113 2266 3200 2355 A,
3247 2266 3418 2328 nobis
3457 2266 3615 2349 quod

2154 2368 2558 2448 excoyitarint
2586 2367 2653 2428 F.
2686 2367 2835 2430 Post
2861 2367 3005 2448 quid
3021 2369 3166 2430 add.
3192 2369 3305 2431 alii
3328 2389 3417 2431 rc.
3440 2389 3606 2433 corr.

2154 2471 2223 2534 P.
2273 2472 2444 2533 Fort.
2490 2469 2688 2545 nobis,
2743 2471 2856 2533 alii
2896 2471 3040 2552 qnid
3079 2472 3504 2554 excogitarint.

2245 2575 2344 2636 12.
2392 2572 2473 2638 At
2511 2568 2643 2655 hoc]
2691 2572 2826 2636 Hoc
2868 2575 3021 2637 AFT
3052 2581 3116 2637 et
3145 2593 3241 2659 pr.
3274 2576 3347 2649 P,
3394 2574 3475 2645 ad
3501 2575 3612 2638 hoc

2154 2697 2319 2742 corr.
2363 2678 2433 2740 P.
2492 2712 2576 2724 —
2617 2687 2702 2739 est
2745 2678 3022 2759 inquiunt
3067 2711 3097 2724 -
3136 2711 3168 2725 -
3205 2679 3413 2743 dicitis
3453 2680 3612 2762 disfi-

2152 2783 2263 2845 cite
2304 2800 2434 2845 om.
2483 2783 2559 2846 R.

2242 2884 2344 2949 13.
2390 2884 2628 2968 difficile
2668 2885 2872 2949 dicitis
2914 2886 2987 2948 B.

3340 828 3616 874 —Gum

2241 2992 2342 3053 15.
2384 2990 2594 3071 facitis
2636 2993 2706 3054 R.
2750 3024 2834 3036 —
2873 2991 3032 3071 sorte
3076 3009 3201 3055 om.
3246 2993 3364 3056 PB.

2240 3096 2341 3157 16.
2389 3094 2897 3176 transscripsistis
2938 3095 3005 3159 F.
3053 3128 3134 3141 —
3166 3096 3392 3177 putetis
3423 3097 3502 3164 B.

2239 3199 2337 3260 17.
2384 3207 2581 3259 autem
2624 3216 2749 3259 om.
2783 3197 2932 3259 PFT
2963 3204 3028 3261 et
3068 3218 3165 3282 pr,
3200 3199 3275 3266 A.
3302 3196 3481 3279 (add.
3518 3220 3607 3266 rc.

2156 3319 2323 3364 corr.
2377 3298 2486 3380 P.)
2528 3334 2611 3347 —
2654 3309 2716 3372 et=
2759 3320 2886 3365 om.
2949 3300 3228 3378 PABFR.
3275 3337 3359 3354 -
3399 3322 3472 3370 ne
3511 3305 3610 3367 in-

2150 3406 2400 3468 sinuetis
2442 3424 2578 3467 cum
2619 3405 2923 3468 maiorum
2964 3424 3061 3490 pr.
3111 3407 3182 3481 P,
3243 3425 3316 3471 ne
3356 3408 3607 3471 inmotis

2148 3510 2453 3572 maiorum
2494 3530 2661 3572 corr.
2710 3509 2756 3571 P
2800 3504 2897 3590 (ne
2923 3529 3035 3572 uos
3062 3511 3287 3573 similes
3327 3529 3455 3594 mg.
3497 3510 3602 3592 P),

2148 3633 2220 3677 ne
2264 3614 2579 3676 insinuetis
2618 3631 2755 3675 cum
2794 3614 3055 3677 maiores
3096 3613 3144 3686 F
3188 3621 3251 3677 et
3279 3634 3375 3701 pr.
3416 3617 3490 3688 A,
3533 3634 3606 3678 ne

2149 3737 2260 3780 uos
2300 3717 2616 3780 insinuetis
2656 3717 2921 3780 minores
2962 3736 3098 3781 cum
3115 3735 3119 3738 ·
3136 3720 3397 3786 maiores
3439 3736 3605 3788 corr.

2149 3823 2221 3892 A,
2266 3840 2340 3883 ne
2382 3821 2602 3883 insueti
2643 3822 2948 3888 maiarum
2988 3824 3058 3896 R,
3103 3840 3176 3885 ne
3218 3842 3329 3885 uos
3356 3822 3606 3886 insuetis

2149 3944 2286 3988 cum
2325 3926 2587 3989 maiores
2628 3927 2698 3988 Τ.

2237 4029 2338 4094 18.
2386 4048 2485 4094 res
2525 4049 2635 4092 uos
2648 4047 2859 4111 parua
2899 4031 2971 4104 R,
3015 4048 3127 4092 uos
3156 4048 3251 4093 res
3276 3991 3482 4113 parua
3525 4032 3598 4093 T.

2148 4167 2230 4179 —
2259 4134 2414 4195 sicut
2456 4135 2528 4195 Β.
2577 4168 2658 4179 -
2702 4133 3014 4195 delectauit
3043 4134 3143 4195 FT
3174 4140 3237 4197 et
3268 4151 3365 4218 pr.
3394 4135 3461 4209 P,
3506 4134 3605 4199 de-

2147 4237 2308 4299 lectet
2351 4237 2425 4300 R.
2469 4235 2746 4315 (delectat
2788 4254 2952 4300 corr.
2999 4236 3110 4318 P.)

2234 4342 2334 4403 19.
2381 4340 2554 4402 modo
2598 4341 2842 4422 sileqere
2886 4340 3063 4403 audis
3104 4341 3339 4422 quidem
3379 4361 3602 4407 nonne-

618 4437 888 4518 (omisso
942 4443 1219 4522 interest)
1281 4446 1350 4507 Β.
1417 4478 1500 4491 -
1557 4445 1960 4509 testimonium
2017 4455 2072 4510 et
2142 4464 2240 4507 mo
2252 4452 2451 4525 potest
2485 4464 2585 4525 pr.
2618 4443 2690 4517 P,
2720 4443 2893 4506 modo
2921 4444 3136 4526 eleqere
3169 4446 3405 4527 quidem
3430 4467 3600 4512 nemo

615 4545 953 4626 exemplum
995 4548 1116 4611 PT.

703 4650 765 4713 3.
809 4647 874 4710 id
914 4668 1041 4712 om.
1090 4652 1159 4715 T.

2138 4554 2329 4630 potest
2371 4565 2538 4610 corr.
2587 4549 2653 4620 P,
2697 4549 2869 4610 modo
2911 4549 3162 4631 seleqere
3202 4549 3438 4631 quidem
3476 4570 3601 4615 nan

2142 4672 2313 4716 nemo
2344 4651 2574 4733 poterit
2613 4652 2735 4726 AF,
2787 4651 2959 4715 modo
3002 4653 3214 4733 eliqere
3255 4655 3427 4716 rudis
3467 4654 3602 4737 qui-

700 4752 763 4817 4.
809 4753 1209 4816 testimonium
1236 4754 1392 4835 quod
1415 4754 1509 4816 illi
1533 4750 1777 4837 (mediis
1798 4754 2065 4840 omissis)
2141 4758 2271 4821 dem
2310 4775 2480 4818 nemo
2511 4755 2739 4837 poterit
2772 4758 2843 4827 R,
2888 4755 3061 4819 modo
3090 4758 3337 4840 seleqere
3364 4758 3599 4840 quidem

617 4852 695 4934 P,
754 4857 1154 4922 testimonium
1211 4878 1334 4923 esse
1386 4859 1542 4940 quod
1590 4860 1685 4924 illi
1736 4861 1861 4925 AF.
1909 4858 2068 4946 (cum
2142 4861 2314 4924 rudis
2355 4879 2524 4924 nemo
2555 4866 2752 4942 potest
2793 4861 2865 4922 T.
