4620 5864
915 543 1021 615 12
1388 642 1409 655 ⁶
1762 546 1943 615 VAR.
1988 544 2214 615 LECT.
2250 546 2366 610 AD
2411 545 3050 613 meromcown

992 741 1097 809 24.
1137 744 1427 826 primurn.
1451 742 1677 808 subitos
1717 762 1840 807 esse
1871 743 2064 825 salsos
2090 762 2365 809 rumores

906 848 1240 912 docebimus
1282 850 1357 913 R.

994 954 1099 1015 25.
1142 952 1313 1033 sama
1353 969 1482 1015 om.
1518 969 1614 1035 pr.
1646 951 1723 1014 A.

992 1057 1097 1120 27.
1143 1064 1253 1119 aut
1293 1074 1421 1120 om.
1456 1055 1785 1119 PABFRT.
1830 1085 1917 1101 ——
1959 1054 2229 1137 aliquam
2255 1065 2365 1120 aut

902 1160 1106 1242 fictam
1134 1160 1227 1224 PB
1244 1207 1261 1231 ,
1305 1159 1573 1242 aliquam
1597 1160 1906 1241 confictam
1925 1160 1977 1223 R
1999 1165 2065 1224 et
2084 1176 2253 1225 corr.
2279 1160 2356 1222 A.

990 1266 1099 1328 28.
1144 1271 1253 1327 aut
1294 1281 1423 1327 om.
1455 1281 1555 1348 pr.
1602 1263 1680 1326 A.

989 1368 1096 1431 29.
1144 1368 1238 1429 illi
1280 1366 1448 1433 PFR.
1496 1400 1574 1412 —
1619 1362 1839 1451 tamen]
1888 1376 2014 1430 tam
2058 1368 2127 1430 F.

991 1472 1092 1536 30.
1137 1471 1349 1536 habere
1389 1488 1500 1535 nos
1527 1470 1704 1552 fidem
1747 1473 1817 1535 B.
1846 1504 1930 1519 —
1973 1470 2177 1553 quiuis
2204 1489 2363 1535 mus

905 1574 1079 1640 homo
1111 1575 1181 1637 P.
1228 1609 1312 1622 —
1354 1576 1634 1657 quamuis
1677 1576 1795 1638 PF.

991 1691 1098 1755 31.
1136 1689 1417 1771 proferre
1448 1706 1760 1751 rumorem
1802 1690 1876 1753 R.

992 1804 1099 1869 32.
1147 1802 1617 1884 arqumentando
1659 1819 1757 1885 ρι’.
1792 1803 1860 1864 P.

991 1918 1096 1981 33.
1136 1911 1358 1999 famae]
1400 1915 1604 1996 forma
1646 1915 1724 1988 P,
1762 1915 2007 1997 firmam
2047 1914 2224 1979 ΑΓΒ.
2276 1955 2360 1969 ..-

908 2020 1329 2105 difficillimum
1372 2019 1441 2082 F.

995 2124 1096 2188 34.
1141 2120 1215 2209 et]
1267 2142 1382 2207 quo
1425 2123 1527 2185 AF
1565 2128 1628 2185 et
1655 2140 1824 2187 corr.
1858 2120 1938 2197 P,
1982 2122 2140 2205 quod
2180 2126 2251 2192 R.
2284 2123 2365 2207 (et

910 2226 1530 2412 Prbgdoffmaliom
1585 2328 1636 2394 T
1690 2335 1752 2395 et
1793 2348 1890 2417 ρι’.
1935 2329 2006 2394 Ρ.
2060 2365 2144 2378 -
2206 2330 2363 2394 hanc

914 2454 1042 2501 om.
1093 2437 1165 2500 T.

994 2552 1095 2613 37.
1142 2517 1723 2614 accommodaremus
1764 2549 1890 2614 BR.

996 2665 1102 2730 38.
1139 2670 1382 2747 partem
1419 2664 1538 2728 PR.

998 2845 1146 2928 Peg.
1182 2844 1285 2907 21.
1334 2862 1402 2908 v.
1443 2846 1500 2909 1.
1591 2842 1907 2925 scriptoris
1949 2859 2078 2906 om.
2131 2860 2230 2929 ρι’.
2282 2843 2358 2907 Α.

996 2961 1059 3024 2.
1108 2958 1423 3022 secundum
1480 2958 1895 3022 narrationem
1953 2976 2079 3021 om.
2140 2976 2235 3041 pr.
2284 2960 2358 3020 T.

912 3061 1009 3129 Ad
1051 3083 1114 3129 v.
1149 3063 1464 3126 secundam
1504 3065 1557 3127 R
1599 3057 1785 3124 habet
1831 3058 2099 3144 glossam
2132 3068 2294 3144 post.

999 3179 1059 3241 3.
1103 3177 1584 3259 percunctatione
1626 3176 1692 3237 F.
1738 3209 1821 3223 —
1884 3175 2106 3238 scirent
2162 3175 2364 3238 ideone

914 3281 1258 3345 aduersarii
1300 3299 1397 3365 pr.
1431 3281 1498 3342 P.

997 3395 1062 3459 4.
1112 3396 1179 3458 in
1232 3394 1351 3476 leqe
1398 3393 1587 3477 fuisse
1627 3394 1701 3460 R.
1737 3428 1813 3440 —
1875 3401 1979 3455 aut
2022 3400 2364 3456 testamento

915 3506 1020 3562 aut
1063 3498 1441 3580 stipulatione
1484 3498 1705 3559 PFRT.
2375 3495 2378 3498 ’

1002 3612 1061 3676 5.
1106 3613 1173 3674 in
1216 3630 1343 3675 om.
1378 3610 1526 3674 PFR
1565 3618 1626 3673 et
1655 3628 1749 3694 pr.
1784 3612 1855 3674 Τ.

1001 3726 1063 3788 5.
1113 3720 1264 3808 eam]
1313 3724 1552 3788 eandem
1596 3724 1769 3788 FRT.

1004 3840 1065 3902 5.
1106 3837 1420 3920 pertinebit
1464 3838 1687 3904 PAFR.

1001 3952 1061 4016 6.
1104 3951 1185 4014 sit
1207 3946 1368 4033 quid]
1398 3951 1476 4012 sit
1505 3949 1659 4031 quod
1680 3950 1745 4021 F,
1776 3949 1857 4012 sit
1884 3967 2017 4012 cum
2033 3969 2099 4013 eo
2121 3948 2360 4032 quodR.

916 4089 995 4102 —
1040 4054 1428 4119 aduersarios
1470 4053 1720 4135 effecisse
1762 4071 1860 4138 pr.
1893 4052 1962 4116 P.

1001 4171 1062 4234 7.
1108 4168 1188 4231 sit
1231 4185 1358 4231 om.
1408 4168 1481 4230 R.

1001 4283 1061 4346 8.
1105 4281 1328 4345 Deinde
1356 4300 1396 4342 a
1423 4281 1707 4343 sententia
1746 4298 1845 4364 pt.
1882 4282 1960 4354 P,
2003 4280 2207 4343 deinde
2236 4298 2365 4343 sen·

918 4386 1103 4448 tentia
1144 4402 1243 4468 pr.
1278 4386 1330 4448 A
1376 4390 1439 4448 et
1469 4403 1636 4449 corr.
1680 4385 1796 4446 PF.
1844 4384 2080 4463 (deinde
2125 4403 2196 4446 ea
2238 4401 2368 4447 sen-

2523 747 2624 810 10.
2666 744 2810 828 quid
2827 745 3162 827 diuisuerit
3179 744 3247 816 P,
3277 743 3422 827 quid
3446 744 3700 826 obfuerit
3726 746 3786 810 ei
3805 749 3882 810 R.

2438 883 2516 895 —
2558 846 2723 931 num]
2769 858 3061 912 autnoen
3100 850 3284 921 PFT,
3327 856 3435 911 aut
3473 851 3766 931 nunquid
3805 851 3881 913 R.

2521 954 2621 1017 12.
2658 949 3038 1036 perscripsit]
3086 954 3400 1034 scripserit
3441 952 3721 1017 PAFRT.

2523 1058 2624 1119 13.
2672 1075 2810 1120 cum
2853 1058 3092 1119 ratione
3131 1064 3297 1120 certa
3335 1057 3518 1129 PFT,
3561 1076 3698 1121 cam
3725 1066 3889 1122 certa

2433 1161 2668 1223 ratione
2729 1162 2809 1233 R,
2873 1179 3010 1223 cum
3064 1162 3330 1231 ratione,
3401 1160 3640 1225 omisso
3689 1171 3885 1235 certa,

2433 1282 2532 1349 pr.
2565 1266 2644 1327 A.
2691 1260 2878 1346 (certa
2902 1283 3040 1328 curn
3066 1266 3306 1328 ratione
3323 1283 3500 1329 corr.
3531 1264 3647 1345 A.)

2523 1370 2621 1432 15.
2664 1370 2956 1433 sementia
2982 1368 3332 1431 redderetur
3349 1378 3408 1431 et
3433 1373 3496 1433 R‘
3517 1375 3582 1432 et
3608 1387 3780 1435 corr.
3807 1370 3883 1433 Α.

2436 1503 2518 1518 —-·
2559 1472 2845 1554 afferetur
2877 1474 2955 1536 F.
2984 1505 3066 1517 -—
3108 1473 3232 1535 sint
3272 1473 3346 1535 F.
3395 1505 3474 1520 -
3516 1473 3593 1535 ab
3627 1475 3800 1537 PFT.

2522 1578 2626 1639 16.
2672 1577 2747 1639 ab
2788 1577 2958 1638 PFT.

2524 1682 2625 1743 17.
2673 1680 2738 1742 id
2764 1697 2892 1743 om.
2926 1680 3024 1741 PF
3053 1683 3116 1742 et
3142 1697 3241 1762 pr.
3276 1680 3350 1743 A.

2523 1783 2621 1846 18.
2666 1783 2965 1845 sancitum
2997 1801 3124 1846 om.
3158 1802 3260 1868 ρι’.
3293 1780 3390 1847 A:
3415 1781 3716 1863 aanctum
3741 1784 3846 1865 F.)

2525 1888 2622 1949 19.
2669 1888 2905 1969 quaerit
2947 1888 3017 1950 F.
3072 1921 3157 1935 -
3221 1887 3482 1969 defensio
3520 1891 3604 1973 F,
3664 1887 3887 1952 litteris

2435 1987 2676 2076 aliquot
2708 1987 2926 2055 erasis.
2962 2023 3041 2039 -
3085 1990 3176 2055 Ab
3203 1991 3481 2057 PAFRT.
3517 2035 3600 2048 -
3627 1993 3888 2057 dicentus

2434 2096 2525 2157 sic
2567 2098 2637 2158 T.
3521 2150 3528 2159 .

2519 2200 2623 2262 20.
2669 2198 2825 2280 quod
2856 2197 3010 2261 illud
3036 2206 3272 2262 tamum
3297 2199 3496 2269 AFR..

2519 2305 2621 2365 22.
2667 2304 3067 2369 necessarium
3109 2303 3281 2366 PBR.
3425 2340 3430 2349 ·

2519 2408 2622 2470 23.
2667 2403 2984 2489 neqliqere]
3011 2425 3116 2469 nec
3136 2406 3321 2487 leqere
3342 2407 3410 2470 P.
3438 2440 3514 2455 --
3559 2406 3778 2471 idom.
3805 2409 3882 2469 R.

2520 2511 2625 2574 24.
2672 2511 2792 2592 leqe
2820 2518 2927 2573 aut
2953 2530 3074 2574 non
3100 2529 3265 2573 more
3293 2512 3470 2575 ABF.
3508 2541 3587 2553 -
3631 2520 3737 2574 aut
3760 2531 3883 2575 non

2433 2622 2662 2678 natura
2703 2620 2777 2679 A.
2837 2650 2842 2655 ¹

2521 2721 2621 2782 25.
2667 2738 2816 2800 quae
2871 2718 3144 2782 habuisse
3199 2719 3552 2799 scriptorem
3606 2720 3893 2800 (scriptu-

2436 2841 2574 2885 ram
2604 2821 2677 2899 F)
2721 2842 2901 2904 quam
2942 2823 3124 2896 PAF,
3180 2842 3330 2905 quae
3378 2823 3582 2885 omnia
3631 2824 3890 2886 noluisse

2437 2928 2791 3009 scriptorem
2832 2946 3012 3010 quam
3054 2928 3126 2989 Τ.

2521 3032 2623 3094 26.
2667 3031 2995 3094 rectissime
3031 3030 3168 3112 fieri
3208 3045 3290 3093 ea
3306 3049 3477 3093 nemo
3506 3032 3635 3106 AF,
3680 3033 3890 3093 rectis-

2436 3137 2585 3198 sime
2636 3155 2807 3198 nemo
2869 3132 3118 3213 (mediis
3168 3133 3443 3211 omissis>
3487 3137 3558 3199 T.
3624 3170 3705 3182 —-
3771 3135 3891 3197 sint

2432 3241 2600 3322 sacta
2641 3241 2768 3304 RT.

2524 3344 2626 3411 31.
2672 3343 3003 3425 exemplum
3027 3342 3097 3409 F.
3126 3375 3209 3389 —
3238 3350 3294 3405 et
3322 3359 3447 3406 om.
3486 3344 3610 3408 BR.
3642 3377 3726 3392 -
3748 3361 3891 3406 am·

2436 3447 2822 3509 merationem
2854 3447 3048 3532 PRT,
3088 3448 3524 3510 enumeratione
3555 3449 3673 3515 AF.
3717 3448 3890 3529 (enu-

2440 3552 2694 3612 meratio
2725 3569 2886 3614 unus
2930 3548 3036 3630 B.)

2523 3654 2624 3716 32.
2666 3650 2739 3736 et]
2814 3671 2886 3717 ac
2937 3655 3111 3719 AFT.
3167 3667 3254 3702 '—
3316 3656 3761 3737 exscriptas-nm
3800 3659 3885 3728 B,

2438 3765 2824 3839 exceptarum
2867 3762 2940 3823 R.
3761 3765 3772 3772 '

2524 3864 2625 3925 33.
2669 3862 3025 3944 intelliqitur
3050 3863 3121 3928 B.
3159 3895 3243 3909 —-
3284 3863 3567 3927 uoluntas
3607 3871 3662 3925 et
3702 3880 3885 3942 expo-

2437 3967 2579 4031 sitio
2618 3967 2842 4031 PAFR.
2909 3966 3058 4031 Post
3106 3985 3164 4035 V.
3222 3968 3520 4048 expositio
3576 3963 3746 4031 addit
3786 3967 3888 4046 fiet

2439 4090 2532 4135 rc.
2582 4072 2654 4132 T.

2524 4174 2672 4257 Pag.
2707 4174 2807 4236 22.
2855 4191 2913 4239 v.
2949 4175 3006 4238 1.
3096 4174 3300 4240 recitet
3340 4174 3630 4256 scriptum
3671 4174 3741 4234 T.

2525 4280 2585 4346 2.
2626 4278 2956 4360 discrepent
2995 4279 3215 4340 PFRT.

2525 4384 2584 4445 3.
2620 4383 2891 4465 primum
2938 4400 3083 4443 num
3127 4401 3248 4462 qua
3296 4381 3627 4462 abroqatio*
3649 4386 3756 4444 aut
3806 4381 3851 4445 P
3867 4426 3884 4452 ‚

919 4489 1105 4553 tentia
1140 4506 1308 4552 corr.
1343 4490 1417 4552 A.
1508 4491 1597 4551 lla
1628 4483 1919 4550 babuisse
1965 4485 2149 4549 etiam
2192 4505 2288 4571 ρι’.
2319 4488 2367 4549 F
2431 4486 2705 4569 primum
2743 4506 2888 4548 num
2926 4504 3075 4567 quae
3106 4484 3416 4564 abroqatio
3456 4486 3552 4547 uel
3575 4483 3708 4553 AF,
3745 4485 3887 4565 pri-

919 4590 1168 4658 videtur
1189 4588 1561 4676 Spengelio;
1609 4587 1720 4655 sed
1758 4586 2049 4674 equidem
2081 4587 2368 4653 credide·
2440 4610 2605 4653 mum
2647 4609 2794 4669 num
2842 4609 2950 4671 que
3001 4588 3311 4669 abroyatio
3351 4598 3459 4653 aut
3490 4591 3565 4659 B,
3614 4589 3886 4666 primum

802 4759 806 4770 ,
922 4694 1043 4760 rim
1098 4714 1133 4759 a
1180 4713 1279 4780 ρι’.
1340 4715 1422 4758 m.
1473 4713 1615 4759 eum
1668 4695 1960 4758 habuisse
1990 4691 2157 4757 idem
2195 4691 2368 4781 quod
2441 4713 2525 4757 an
2567 4694 2878 4774 abroyatio
2912 4695 3091 4760 anT.
3174 4693 3268 4758 De
3304 4694 3358 4757 R
3397 4686 3689 4756 Trossius
3722 4691 3883 4757 silet.

923 4813 1023 4887 pr.
1071 4795 1164 4884 P.)
1210 4832 1294 4847 —
1336 4795 1698 4881 excoqitata]
1746 4798 2005 4881 coqitata
2045 4798 2116 4861 F.
2528 4799 2588 4863 5.
2633 4796 2921 4861 dissensio
2963 4796 3032 4859 F.
3379 4813 3386 4818 ·
