4620 5864
947 574 1051 642 82

1028 775 1094 835 4.
1143 778 1406 834 tractata
1457 770 1634 832 uarie
1690 768 1937 847 (uariae
1981 768 2045 830 Av
2072 774 2133 830 et
2163 787 2258 852 pr.
2293 763 2395 847 P.)

944 885 1029 937 est
1073 877 1252 948 PAB,
1320 882 1582 937 tractata
1638 881 1721 935 est
1780 874 1954 935 uarie
1999 875 2127 944 FT,
2199 880 2398 934 tracta

943 980 1119 1041 uarie
1164 988 1248 1041 est
1292 981 1365 1041 R.

1031 1086 1092 1145 5.
1142 1078 1345 1164 Saepe]
1394 1101 1513 1163 qua
1555 1100 1723 1162 saepe
1766 1100 1861 1166 pr.
1906 1082 1984 1153 P,
2042 1080 2187 1161 quia
2229 1098 2398 1159 saepe

945 1186 1099 1247 AFT
1136 1192 1198 1247 et
1237 1203 1399 1248 corr.
1436 1186 1505 1246 P.
1540 1220 1620 1230 —
1664 1194 1888 1246 natura
1932 1202 2028 1267 pr.
2069 1185 2136 1244 P.

1029 1291 1090 1351 6.
1138 1290 1326 1351 ueluti
1367 1291 1539 1352 FRT.
1577 1322 1660 1335 —-
1699 1288 1956 1351 dicimus
1998 1287 2172 1349 PAT.

1028 1396 1091 1455 ⁷.
1139 1393 1501 1455 seruandam
1543 1393 1712 1455 PFT.
1746 1425 1830 1438 -
1873 1392 2073 1454 eadem
2115 1397 2277 1451 osten
2315 1435 2330 1450 .
2377 1434 2393 1450 .

948 1505 970 1557 t
1006 1542 1021 1557 .
1056 1497 1255 1558 atione
1306 1496 1357 1576 s.
1404 1496 1475 1556 it.
1524 1504 1592 1557 ut
1634 1496 1789 1576 quod
1834 1495 1908 1567 P,
1976 1494 2175 1556 eadem
2219 1494 2400 1555 etiam

944 1601 1331 1663 ostentatione
1369 1600 1438 1680 fit
1479 1607 1545 1660 ut
1588 1598 1743 1679 quod
1783 1598 1885 1659 AF
1903 1644 1919 1668 ,
1987 1616 2059 1658 ea
2113 1597 2266 1658 idem
2308 1603 2398 1657 at-

945 1704 1135 1764 tinent
1196 1703 1275 1764 ad
1336 1702 1694 1764 suauitatem
1753 1700 2273 1782 pronuntiationis
2335 1707 2401 1759 ut

945 1806 1103 1889 quod
1144 1806 1217 1867 T.
1756 1838 1761 1849 .

1035 1911 1098 1971 8.
1118 1946 1123 1959 ‚
1144 1909 1282 1970 uoci
1308 1917 1549 1970 nostrae
1569 1910 1694 1970 BT.
1726 1941 1810 1953 —
1852 1908 2152 1968 uoluntati
2172 1906 2396 1969 PAFT.

950 2048 1032 2060 —
1077 2013 1376 2075 auditoris
1407 2011 1687 2092 prodesse
1720 2010 2009 2092 probetur
2051 2015 2121 2074 T.

1037 2118 1099 2178 9.
1144 2112 1594 2197 firmitudinem]
1639 2115 2072 2195 firmitudinem
2112 2113 2281 2175 uocis
2324 2114 2398 2175 R.

1040 2223 1140 2283 10.
1195 2219 1359 2297 Quid
1397 2220 1554 2280 enim
1595 2219 1915 2280 insuauius
1957 2221 2030 2279 T.

1039 2326 1140 2387 11.
1188 2322 1435 2385 reddunt
1455 2322 1752 2383 diuisione
1773 2324 1843 2395 R,
1872 2316 2123 2384 reddunt
2143 2319 2402 2401 (omissa

951 2445 1110 2491 voce
1153 2426 1469 2502 divisione)
1514 2429 1585 2488 T.

1042 2532 1141 2594 12.
1190 2529 1491 2609 coqitandi
1533 2530 1793 2610 spatium
1836 2531 1910 2591 R.
1955 2561 2030 2575 —
2078 2529 2400 2591 Conservat

950 2628 1169 2714 vocem]
1218 2652 1352 2695 cum
1380 2633 1457 2694 ad
1485 2652 1610 2694 rem
1635 2643 1803 2695 uocet
1830 2633 2003 2693 PAF.

1043 2739 1143 2800 13.
1192 2744 1249 2799 et
1283 2754 1412 2799 om.
1448 2740 1522 2800 R.
1576 2770 1659 2784 —
1700 2738 1971 2800 uarietas
2026 2736 2260 2817 quidem
2292 2744 2405 2796 au-

951 2841 1205 2904 ditorem
1244 2842 1511 2902 maxime
1551 2841 1623 2901 B.

1044 2948 1145 3009 13.
1192 2962 1521 3007 sermonem
1562 2945 1732 3008 PAF.

1042 3051 1142 3112 14.
1190 3050 1459 3111 animum
1483 3045 1632 3131 eius]
1667 3049 1935 3111 animum
1965 3044 2230 3129 (omisso
2251 3045 2405 3128 eius)

952 3167 1050 3238 pr.
1086 3154 1166 3226 P,
1210 3154 1449 3216 animus
1496 3153 1599 3214 AF
1651 3157 1715 3214 et
1763 3170 1928 3215 corr.
1976 3152 2055 3226 P,
2101 3153 2229 3214 eius
2266 3152 2407 3214 ani-

952 3276 1117 3320 mum
1145 3258 1219 3318 R.
1255 3256 1631 3320 —-retineat
1659 3256 1779 3319 AF.
1813 3290 1893 3301 —-
1936 3253 2066 3339 aut]
2115 3247 2169 3318 et
2211 3259 2287 3326 B,
2333 3274 2407 3318 ac

953 3381 1045 3425 rc.
1088 3362 1166 3433 F,
1210 3369 1318 3422 aut
1352 3361 1408 3422 si
1438 3360 1612 3423 AFT.
1649 3393 1727 3406 —
1771 3361 2020 3423 mcitat
2046 3362 2118 3423 B.
2155 3393 2233 3406 —
2279 3361 2406 3423 cla-

951 3483 1180 3528 morem
1218 3465 1389 3527 PAF.

1043 3571 1143 3633 15.
1189 3587 1389 3631 vocem
1451 3577 1506 3630 et
1558 3564 1784 3650 fauces]
1850 3587 2054 3630 uocem
2119 3566 2405 3646 (omissis

955 3680 1013 3736 et
1045 3671 1283 3754 fauces)
1324 3673 1609 3742 PAFRT,
1636 3673 1855 3753 fauces
1897 3681 1954 3734 et
1991 3691 2195 3735 uocem
2222 3673 2294 3734 B.
2322 3707 2406 3719 —

955 3772 1308 3858 auditorem]
1369 3776 1725 3842 auditorem.
1773 3777 1929 3857 quod
1983 3796 2095 3837 em.
2137 3778 2408 3837 uarietas

954 3899 1053 3965 pr.
1084 3882 1158 3953 P,
1216 3877 1660 3960 auditoremque
1717 3879 1981 3941 emendat
2027 3880 2297 3944 uarietas
2332 3880 2403 3951 A,

954 3986 1289 4048 auditorem
1317 3984 1471 4066 quod
1499 3984 1764 4046 emendat
1792 3982 2060 4044 uarietas
2081 3983 2127 4043 F
2152 3990 2216 4045 et
2235 4003 2402 4046 corr.

955 4089 1036 4162 P,
1095 4089 1448 4151 auditorem.
1508 4107 1657 4170 quae
1707 4086 1972 4152 emendat
2010 4087 2280 4150 uarietas
2331 4089 2399 4151 T.

956 4192 1191 4255 haberet
1218 4192 1264 4253 P
1300 4200 1363 4255 et
1391 4211 1486 4275 pr.
1516 4192 1585 4270 F.
1619 4225 1702 4239 -
1745 4194 1903 4255 enim
1945 4187 2244 4274 quiddam]
2294 4198 2409 4252 ete·-

954 4297 1082 4360 nim
1123 4296 1416 4379 quoddam
1450 4299 1531 4357 T,

1045 4402 1147 4463 16.
1194 4400 1680 4480 uociferationem
1711 4401 1918 4481 potius
1961 4401 2031 4462 B.

1046 4508 1145 4569 18.
1189 4505 1513 4567 remedium
1533 4506 1608 4566 R.
1648 4536 1724 4549 —
1769 4504 2067 4565 auditoris
2106 4503 2411 4566 uehemen-

959 4610 1184 4674 tissime
1228 4606 1503 4684 calefacit
1546 4611 1619 4669 T.

1050 4716 1148 4776 19.
1196 4713 1387 4792 iqitur
1410 4708 1524 4793 res]
1552 4731 1649 4774 res
1670 4712 1861 4793 iqitur
1883 4711 2011 4784 PF,
2057 4730 2197 4793 erqo
2219 4731 2317 4773 res
2338 4713 2407 4778 B.

1045 4817 1150 4882 20.
1174 4815 1398 4892 ‚eadem
1424 4817 1473 4878 B
1517 4823 1581 4878 et
1622 4834 1719 4901 pr.
1755 4817 1823 4879 P.
1879 4847 1962 4863 ·-
2002 4816 2297 4878 suauitati
2333 4818 2404 4879 T.

2452 1182 2666 1252 ,28.

1692 663 1695 666 Α
1798 571 1980 634 VAR.
2026 569 2246 635 LEGT.
2293 568 2398 633 An
2443 563 3090 631 nulrrotucomm⁴

2555 767 2661 828 21.
2700 759 2855 845 visa]
2903 762 3108 824 diuisa
3149 761 3222 822 T.

2557 872 2662 931 22.
2711 866 3088 929 suauitudini
3141 883 3241 945 pr.
3282 866 3327 926 B
3348 911 3364 935 ,
3420 865 3720 926 suauitate
3778 865 3829 925 T
3865 871 3930 925 et

2475 991 2638 1037 corr.
2677 976 2743 1035 B.
2780 1004 2856 1018 --
2895 971 3082 1051 paulo
3108 967 3656 1050 praedicemuspr.
3695 970 3766 1034 Α.

2559 1080 2663 1139 26.
2707 1076 3065 1138 cottidianae
3093 1071 3570 1145 AT‚.cotidiane
3613 1074 3681 1134 B.

2716 1180 2925 1241 indicit
2969 1181 3039 1240 B.

2561 1286 2666 1346 29.
2714 1286 2781 1346 in
2824 1285 2977 1346 1111.
3001 1290 3212 1362 partes
3255 1282 3378 1343 BT.
3677 1348 3680 1355 Α

2562 1390 2662 1451 31.
2709 1396 2763 1449 et
2805 1389 2968 1449 vocis
3010 1386 3356 1448 remissio-ne
3400 1402 3529 1446 om.
3556 1385 3674 1447 PF.
3710 1418 3788 1463 -τ
3832 1383 3930 1445 de-
4013 1372 4024 1388 ⁶

2476 1493 2832 1554 monstratio
2862 1501 2947 1554 est
2992 1474 3191 1553 oratio
3238 1508 3365 1555 om.
3407 1489 3476 1550 P.

2561 1597 2664 1658 32.
2707 1596 2962 1657 remissa
3009 1614 3147 1655 voce
3212 1612 3339 1655 om.
3390 1593 3610 1655 PAFT.
3651 1625 3728 1634 —
3786 1611 3932 1673 quo-

2476 1699 2647 1760 modo
2677 1717 2804 1762 om.
2847 1701 2918 1762 R.
2952 1731 3030 1743 —
3075 1694 3237 1780 quid]
3272 1696 3427 1779 quod
3456 1715 3547 1779 pr.
3573 1695 3654 1767 F,
3701 1715 3829 1759 om.
3858 1696 3927 1755 T.

2560 1803 2708 1884 Pag.
2745 1805 2849 1866 51.
2900 1822 2957 1865 v.
2995 1805 3051 1865 1.
3133 1802 3389 1882 proinde
3434 1801 3554 1863 FT.
3805 1825 3810 1840 ·
3977 1788 3978 1795 ἵ

2562 1909 2625 1968 2.
2675 1927 2754 1968 ex
2793 1908 3001 1987 aliqua
3042 1926 3115 1967 ue
3156 1906 3354 1968 risum
3370 1906 3687 1985 pudentem
3718 1922 3813 1987 pr.
3850 1903 3929 1975 P,

2478 2029 2555 2072 ex
2601 2011 2804 2091 aliquo
2847 2010 3172 2071 uerisimili
3207 2008 3599 2089 impudentem
3639 2026 3806 2071 oorr.
3851 2009 3929 2079 P,

2477 2133 2557 2176 ea:
2586 2114 2793 2194 aliqua
2822 2132 2891 2175 re
2929 2114 3255 2176 uerisimili
3296 2113 3491 2173 risum
3512 2111 3836 2191 pudentem.
3860 2113 3927 2174 F.

2478 2253 2560 2267 -
2581 2213 2796 2299 potest]
2835 2218 3060 2297 poterit
3098 2220 3171 2280 R.
3222 2258 3305 2271 -
3349 2211 3752 2296 comparare].,
3770 2234 3927 2275 com-

2472 2342 2698 2403 parare
2729 2341 3061 2384 sermonem
3104 2339 3274 2384 corr.
3310 2322 3378 2382 P.

2564 2429 2625 2489 3.
2676 2435 2731 2489 et
2772 2428 2839 2487 in
2864 2425 3339 2487 distributionem
3367 2424 3591 2486 PBRT.
3844 2415 3871 2512 ὀ

2562 2532 2626 2592 4.
2675 2530 2971 2591 orationis
2996 2561 3026 2574 -
3051 2560 3083 2574 ··
3108 2560 3138 2574 -
3164 2527 3529 2591 contentione
3570 2546 3699 2589 om.
3731 2461 3868 2604 P}

2564 2635 2627 2694 7.
2676 2633 2874 2694 oratio
2918 2650 3047 2695 om.
3089 2634 3165 2694 A.
3301 2632 3307 2636 ”

2566 2739 2627 2799 8.
2675 2732 2934 2817 adducit]
2974 2744 3270 2817 prouocat
3316 2739 3388 2799 R.

2573 2843 2670 2903 10.
2708 2836 3006 2922 perducit]
3053 2841 3293 2903 adducit
3335 2843 3408 2903 R.
3453 2874 3536 2885 —
3577 2839 3773 2903 divisa
3815 2833 3923 2920 est]

2482 2945 2780 3007 diuiditur
2822 2948 2894 3008 T.

2571 3050 2670 3112 11.
2719 3058 2771 3112 et
2813 3046 2944 3131 kae]
2993 3070 3092 3113 eae
3120 3050 3200 3121 P,
3245 3048 3355 3112 hae
3390 3049 3574 3121 AFR,
3622 3059 3676 3113 et
3703 3049 3772 3111 he
3799 3047 3923 3109 BT.

2480 3187 2564 3244 «ἡ
2605 3153 2672 3214 in
2711 3161 2840 3215 octo
2879 3155 3037 3216 alias
3085 3154 3435 3217 distributae
3480 3149 3638 3235 sunt]
3688 3159 3824 3214 sunt
3863 3153 3932 3213 in

2481 3266 2610 3320 octo
2633 3266 2844 3339 partes
2875 3259 3033 3320 alias
3074 3258 3427 3321 distributae
3455 3259 3603 3321 PBT
3621 3305 3636 3329 ,
3681 3265 3820 3317 sunt
3865 3256 3931 3316 in

2481 3370 2614 3425 octo
2665 3363 2824 3424 alias
2879 3361 3231 3424 distributae
3286 3362 3369 3434 A,
3438 3363 3507 3423 in
3553 3369 3683 3424 octo
3722 3359 3934 3441 partes

2481 3468 2640 3528 alias
2668 3465 3018 3528 distributae
3059 3464 3326 3541 (omisso
3362 3461 3521 3545 sunt)
3556 3467 3635 3537 F,
3702 3469 3838 3525 sunt
3867 3463 3932 3523 in

2481 3571 2640 3632 alias
2684 3578 2895 3651 partes
2937 3578 3067 3631 octo
3112 3569 3464 3631 distributae
3505 3570 3580 3633 R.
3630 3603 3713 3616 -
3755 3561 3924 3650 quae]

2482 3675 2700 3736 harum
2728 3682 2858 3735 octo
2877 3675 3156 3755 partium
3183 3692 3332 3755 quae
3357 3673 3632 3735 PABFT.

2572 3778 2667 3841 14.
2712 3787 2778 3839 ut
2819 3797 2947 3840 om.
2994 3782 3067 3842 R.

2574 3884 2673 3945 15.
2722 3882 3087 3962 transferam
3129 3883 3202 3945 T.

2572 3988 2672 4048 16.
2720 3994 2948 4066 oportet
2983 3994 3050 4046 ut
3078 3987 3144 4047 in
3167 3988 3302 4067 ipsa
3331 4007 3428 4068 pr.
3458 3984 3503 4048 P
3524 4034 3540 4057 ,
3585 3992 3812 4066 oportet
3836 3984 3931 4047 uti

2482 4097 2550 4149 ut
2575 4090 2711 4169 ipsa
2738 4090 2790 4149 A
2820 4095 2884 4151 et
2914 4107 3077 4153 corr.
3105 4089 3152 4150 P
3170 4136 3186 4161 ,
3230 4091 3323 4152 uti
3357 4099 3584 4171 oportet
3609 4097 3676 4151 ut
3704 4090 3837 4169 ipsa
3860 4092 3929 4160 B,

2485 4192 2771 4273 oportebit
2803 4195 2918 4255 uti.
2963 4203 3030 4255 ut
3057 4194 3193 4275 ipsa
3220 4195 3298 4266 F,
3344 4203 3574 4274 oportet
3603 4194 3714 4255 uti.
3761 4202 3829 4254 ut
3866 4193 3934 4254 in

2483 4297 2618 4377 ipsa
2659 4299 2784 4359 ΒΤ.
3760 4291 3777 4306 “

2575 4404 2671 4464 17.
2717 4399 3257 4463 demonstrauimus
3282 4401 3349 4473 P,
3377 4403 3848 4464 demothramus
3862 4404 3931 4464 T.

2486 4537 2567 4550 -
2608 4500 2987 4584 intersecare]
3036 4503 3303 4566 insecare
3346 4525 3439 4588 pr.
3474 4506 3542 4566 P.

2575 4609 2672 4670 18.
2716 4603 2958 4689 animis]
3007 4608 3210 4669 animo
3239 4626 3406 4676 corr.
3442 4610 3508 4670 P.
3554 4640 3638 4655 --
3681 4617 3766 4673 est
3809 4628 3934 4673 ser-

2485 4731 2582 4772 mo
2632 4713 2696 4773 in
2740 4712 3154 4773 narrationem
3192 4732 3404 4774 uocum
3442 4732 3538 4792 pr.
3570 4714 3616 4775 P
3633 4762 3649 4788 ,
3695 4724 3779 4777 est
3808 4734 3934 4777 ser-

2484 4834 2583 4878 mo
2632 4817 2701 4880 in
2745 4815 3098 4879 narratione
3136 4834 3349 4879 uocum
3389 4817 3488 4879 AF
3534 4825 3597 4883 et
3638 4839 3800 4884 corr.
3847 4817 3931 4898 P,
