4620 5864
953 674 1059 750 54

1800 675 1984 743 VAR.
2033 668 2255 740 LECT.
2299 675 2407 740 AD
2452 670 3084 743 RHETORICORUM
3173 715 3192 731 ο

950 876 1342 939 strumentum
1373 892 1493 956 pro
1534 874 1772 938 domino
1797 875 1871 938 T.
1904 871 2048 959 (aut
2076 874 2151 937 ab
2176 874 2406 937 instru-
2482 876 2708 938 uirtute
2722 886 2843 957 pro
2874 883 3082 943 uestra
3105 866 3211 938 BT
3239 882 3304 941 et
3332 892 3427 960 pr.
3460 876 3536 939 R.
3574 906 3654 926 -·-
3682 872 3939 1005 (dedisse

948 988 1141 1044 mento
1182 981 1488 1043 dominum
1531 998 1698 1042 corr.
1749 978 1856 1060 A.)

1035 1087 1139 1148 31.
1185 1084 1566 1147 machedones
1591 1103 1690 1165 pr.
1717 1086 1782 1157 P,
1812 1083 2203 1147 machedonas
2231 1080 2396 1145 corr.

2474 980 2693 1059 pietate
2727 999 2844 1061 pro
2885 988 3089 1043 uestra
3133 998 3302 1044 corr.
3345 979 3459 1060 R.)

2521 1084 2668 1145 20,
2715 1080 2925 1166 valuit]
2963 1085 3316 1165 praeualuit
3357 1084 3427 1146 F.
3473 1117 3548 1131 --
3609 1082 3760 1146 Item
3802 1101 3932 1147 om.

948 1186 1019 1250 P.
1051 1220 1124 1235 —
1157 1188 1404 1269 appellet
1444 1205 1611 1251 corr.
1661 1187 1731 1259 P,
1777 1187 2162 1269 appellaverit
2202 1206 2303 1268 pr.
2335 1188 2402 1250 F.
2481 1186 2803 1250 PABFRT.
2839 1208 2921 1232 —
2957 1189 3235 1269 eripuisti
3274 1187 3413 1250 bene
3455 1186 3553 1249 PT
3597 1191 3665 1249 et·
3708 1205 3804 1271 pr.
3845 1187 3930 1262 -A,

947 1289 1302 1374 (appellarit
1342 1311 1442 1372 pr.
1477 1291 1524 1351 P
1554 1296 1620 1354 et
1647 1308 1812 1356 corr.
1847 1287 1940 1373 F.)

1030 1396 1131 1463 32.
1173 1395 1351 1456 uaris
1393 1396 1660 1475 eqreqiae
1701 1394 1768 1467 P,
1812 1396 2006 1457 sarise
2033 1393 2240 1475 precia
2272 1394 2397 1466 AB,

945 1500 1181 1562 sarisae
1223 1498 1457 1579 greciae
1501 1500 1570 1561 T.
1595 1531 1673 1544 -·
1703 1499 1864 1562 dicat
1906 1519 2033 1563 om.
2066 1498 2309 1561 -PBRT.

1031 1603 1134 1665 33.
1177 1602 1389 1684 faciles
1431 1620 1531 1685 pr.
1565 1604 1632 1664 P.
1654 1634 1735 1651 -
1766 1603 1984 1666 matris
2015 1602 2085 1676 P,
2135 1621 2231 1683 pr.
2260 1603 2312 1664 A
2338 1607 2399 1664 et

947 1702 1410 1788 (superscriptis
1439 1707 1675 1769 matrix
1720 1713 1783 1769 et
1822 1706 2023 1784 mars)
2049 1707 2116 1778 F,
2161 1707 2397 1769 matrix
2475 1707 2658 1768 ticum
2698 1706 2987 1787 quendam
3029 1701 3358 1787 exstructa]
3395 1705 3550 1768 sicut
3577 1724 3622 1766 a
3638 1707 3835 1785 poetis
3864 1706 3933 1767 in
4032 1708 4046 1723 '

945 1812 1019 1884 T,
1066 1818 1385 1872 armatura
1425 1810 1530 1872 BR
1573 1818 1635 1873 et
1677 1827 1842 1874 corr.
1890 1810 1966 1871 A.

1027 1969 1175 2051 Pag.
1221 1969 1325 2033 84.
1376 1989 1430 2032 v.
1482 1973 1535 2031 1.
1613 1958 1946 2032 necessario
1993 1978 2045 2031 te
2081 1970 2281 2051 facere
2323 1970 2393 2040 B,

937 2074 1137 2156 facere
1179 2074 1511 2136 necessario
1556 2069 1823 2152 (omisso
1867 2074 1953 2151 te)
1997 2072 2067 2135 F.
2123 2104 2197 2115 —
2244 2071 2401 2152 coyit

943 2177 1042 2242 BF
1087 2183 1151 2239 et
1192 2195 1289 2262 pr.
1339 2179 1414 2239 A.

1024 2293 1089 2353 2.
1138 2292 1194 2352 si
1252 2291 1357 2371 qui
1405 2291 1561 2372 facit
1608 2289 1793 2361 PFR,
1856 2290 1913 2352 si
1955 2288 2100 2370 quid
2134 2289 2286 2370 facit
2329 2292 2396 2360 B,

942 2395 998 2456 si
1040 2396 1175 2475 quis
1211 2395 1362 2476 facit
1407 2396 1478 2481 T.
1532 2428 1615 2439 —
1664 2393 2025 2456 desidiosum
2065 2402 2320 2456 martem
2348 2395 2395 2455 B

944 2505 1008 2562 et
1053 2516 1151 2581 pr.
1201 2498 1270 2560 P.
1301 2530 1376 2540 ·—-
1406 2496 1660 2559 dicimus
1702 2498 1928 2560 BFRT.

1025 2614 1087 2675 3.
1137 2612 1281 2692 quia
1322 2606 1465 2693 des.]
1515 2629 1665 2692 quae
1706 2610 1828 2672 des.
1876 2610 2046 2673 PFT.
2099 2640 2176 2653 -—
2222 2610 2397 2692 efficit

945 2723 1001 2777 et
1047 2715 1121 2776 ab
1165 2718 1234 2778 Τ.

1021 2829 1084 2891 4.
1129 2848 1194 2889 eo
1236 2823 1411 2910 quod]
1459 2847 1525 2889 eo
1567 2827 1672 2909 qui
1688 2829 1785 2891 .B.
1820 2860 1902 2873 -
1945 2823 2029 2908 id]
2077 2826 2229 2887 illud
2270 2827 2390 2889 FT.

1025 2943 1086 3004 6.
1135 2938 1463 3025 nominata]
1511 2950 1720 3003 notata
1761 2941 1962 3003 PBFR
2007 2947 2071 3003 et
2113 2958 2282 3003 corr.
2318 2943 2391 3013 A,

935 3054 1080 3108 nota
1122 3064 1217 3129 pr.
1273 3047 1345 3117 A,
1388 3045 1765 3108 nominatam
1808 3041 1942 3128 (sic)
1990 3047 2062 3107 T.
2100 3078 2180 3088 —
2213 3040 2390 3126 quod]

941 3149 1085 3231 quid
1125 3149 1195 3213 F.

1021 3265 1082 3325 7.
1132 3263 1197 3324 id
1250 3263 1405 3344 quod
1460 3262 1714 3323 continet
1765 3261 2261 3326 om.‘PABFRT.
2309 3293 2392 3307 --

933 3362 1052 3448 vel]
1095 3373 1201 3428 aut
1236 3366 1410 3439 PBR,
1459 3374 1513 3427 et
1543 3366 1712 3428 AFT.

1019 3470 1082 3531 8.
1162 3471 1402 3532 Harum
1479 3470 1745 3532 omnium
1820 3465 2387 3550 denominationum]

935 3572 1281 3636 Barbarum
1305 3573 1399 3634 PF
1427 3579 1489 3635 et
1512 3591 1607 3656 pr.
1637 3574 1709 3643 A,
1749 3573 1969 3634 harum
1995 3590 2200 3633 rerum
2221 3589 2386 3634 corr.

937 3678 1015 3739 ab
1046 3677 1299 3761 antiqua
1331 3696 1520 3738 manu
1548 3677 1616 3745 A,
1648 3676 1885 3737 Horum
1915 3684 1998 3738 est
2029 3677 2100 3736 T.
2137 3675 2393 3751 (harum

934 3781 1201 3842 omnium
1242 3780 1789 3842 denominationum
1830 3797 1919 3839 rc.
1962 3795 2126 3839 corr.
2176 3777 2290 3855 A.)

1018 3884 1081 3944 9.
1130 3902 1311 3963 quam
1355 3882 1705 3963 inquirendo
1749 3881 1971 3944 PFRT.

1024 3987 1121 4048 11,
1170 3986 1459 4048 cotidiani
1500 3986 1566 4056 F,
1617 3985 1935 4046 cottidiani
1978 3986 2050 4046 T.
2076 4017 2157 4032 —-
2183 3984 2390 4046 huius·

932 4089 1159 4152 eemodi
1200 4085 1378 4150 F.‘--·‘
1403 4088 1882 4151 nominationum
1927 4089 2045 4150 PB.

1023 4194 1121 4255 13,
1167 4182 1542 4273 adsumptam
1585 4193 1657 4253 B.

1022 4291 1122 4357 14.
1161 4292 1362 4378 paeto]
1422 4294 1593 4357 modo
1651 4299 1722 4360 T.
1795 4328 1873 4341 —-
1931 4296 2273 4379 kartayinis
2316 4298 2385 4374 F,

931 4400 1311 4481 chartaqinis
1352 4402 1424 4461 T.

1022 4505 1121 4565 15.
1169 4503 1491 4564 ordinandi
1530 4503 1603 4563 B.

1022 4608 1120 4668 16.
1168 4607 1421 4687 kartaqo
1466 4607 1531 4676 F,
1578 4605 1864 4685 chartayo
1910 4609 1984 4668 T.

1025 4712 1121 4771 17.
1176 4710 1594 4794 Transyressio
1622 4742 1651 4758 -
1680 4742 1705 4753 -
1731 4741 1764 4754 -
1792 4711 2210 4774 transiectione
2253 4729 2381 4775 om.

932 4813 1051 4874 PF.
1086 4845 1171 4858 --
1188 4808 1588 4893 perversione]
1636 4819 1742 4873 aut
1780 4816 2163 4890 peruersione
2205 4816 2279 4875 B.

2480 1291 2700 1371 eripuit
2726 1281 2862 1353 bene
2889 1290 3006 1354 BF.
3050 1282 3304 1373 (eripuit
3331 1291 3438 1353 tibi
3463 1291 3601 1353 bene
3626 1308 3791 1353 corr.
3824 1290 3936 1370 A.)

2563 1397 2665 1457 21.
2710 1391 2906 1477 casus]
2953 1414 3170 1458 causas
3210 1395 3285 1467 P,
3330 1414 3517 1457 causa
3544 1396 3595 1457 T
3627 1400 3692 1457 et
3719 1412 3814 1479 pr.
3849 1393 3934 1467 A4

2479 1499 2678 1579 (casus
2718 1516 2883 1562 corr.
2926 1499 3038 1576 A.)
3082 1533 3162 1545 —
3205 1500 3479 1562 traiectio
3523 1498 3592 1559 P.

2560 1604 2664 1665 23.
2710 1599 2908 1685 verba]
2955 1611 3024 1665 ut
3065 1603 3248 1665 uerba
3288 1604 3360 1664 B.
3396 1630 3476 1643 --
3506 1602 3628 1663 sint
3670 1601 3751 1663 ad
3783 1609 3930 1683 poe-

2475 1811 2763 1891 quendam
2843 1818 3126 1872 extruere
3197 1810 3347 1871 PFR
3420 1805 3550 1890 (sed
3617 1828 3655 1870 a
3717 1828 3769 1870 8.
3841 1829 3927 1870 m.

2475 1932 2638 1976 corr.
2678 1916 2980 1993 poeticum
3003 1947 3035 1960 -
3062 1921 3369 1983 extructa,
3414 1930 3540 1973 non
3570 1918 3775 1974 tamen
3805 1912 3921 1974 rel.

2476 2016 2653 2099 mut.)
2696 2019 2769 2091 T,
2817 2017 2972 2079 sica
2992 2015 3593 2096 poetisinquendam
3620 2024 3930 2085 exstruere
3980 2020 3987 2027 '

2473 2141 2571 2202 pr.
2648 2121 2724 2182 A.
2817 2120 3186 2202 (vulgatam
3261 2118 3594 2181 lectionem
3667 2118 3930 2181 exhibet

2474 2244 2639 2286 corr.
2689 2221 2787 2305 A)

2556 2330 2660 2391 24.
2707 2335 2778 2388 ut
2807 2329 3066 2409 perfecte
3089 2358 3178 2372 --
3195 2324 3551 2387 -absolutae
3594 2343 3721 2388 om.
3771 2326 3841 2387 T.

2557 2434 2660 2495 25.
2710 2431 3049 2513 Suprelatio
3077 2430 3145 2501 P,
3191 2428 3607 2510 Suprarelatio
3650 2429 3748 2490 B.
3773 2428 3923 2490 item

2519 2538 2689 2599 ,29

2475 2558 2661 2702 ν26,
2710 2638 3015 2700 minuendi
3083 2657 3268 2700 causa
3337 2637 3420 2709 T,
3510 2576 3926 2717 manendique

2472 2764 2656 2806 causa
2700 2744 2772 2805 B.

2555 2849 2660 2915 27.
2709 2847 2854 2928 quid
2896 2848 2951 2908 si
2993 2846 3062 2908 P.
3091 2879 3174 2892 —
3202 2839 3601 2926 retinebimus]
3651 2844 3926 2907 retinebi-

2469 2971 2603 3013 mus
2644 2952 2711 3013 in
2751 2952 2993 3013 ciuitate
3036 2952 3082 3011 B
3129 2956 3191 3013 et
3232 2967 3393 3015 corr.
3432 2953 3502 3011 A.

2559 3055 2666 3117 28.
2713 3064 2885 3137 atque
2929 3074 3074 3116 casu
3115 3053 3184 3115 F.
3218 3088 3301 3097 —
3331 3062 3436 3114 aut
3467 3073 3507 3114 a
3536 3053 3928 3115 similitudine

2470 3177 2597 3221 om.
2635 3159 2701 3221 P.
2751 3157 3012 3239 (quando
3056 3166 3161 3220 aut
3204 3147 3591 3219 similitudine
3626 3177 3752 3239 mg.
3787 3154 3882 3236 P.)

2554 3263 2658 3324 29.
2706 3271 2812 3324 aut
2868 3283 2909 3324 a
2952 3256 3351 3343 praestantia]
3427 3270 3532 3321 aut
3579 3261 3926 3340 praesentia

2468 3361 2563 3427 PF
2608 3372 2669 3428 et
2711 3385 2805 3449 pt·
2858 3363 2934 3440 A,
2981 3373 3085 3426 aut
3127 3384 3167 3425 a
3197 3364 3505 3445 presentia
3549 3367 3599 3427 R
3643 3371 3707 3426 et
3750 3375 3912 3427 corr.

2469 3471 2541 3530 A.
2565 3503 2648 3515 —
2678 3488 2927 3550 corpore
2969 3469 3213 3529 niueum
3256 3467 3534 3529 ardorem
3574 3466 3924 3548 adsequeba-

2466 3582 2570 3634 tur
2611 3572 2678 3644 P,
2723 3591 2970 3654 corpore
3010 3572 3252 3634 niueum
3294 3571 3610 3632 candorem
3655 3590 3923 3651 asseque-

2465 3676 2644 3737 batur
2685 3677 2808 3750 AF,
2856 3694 3104 3755 corpore
3146 3676 3387 3736 niueum
3422 3674 3736 3737 candorem
3763 3695 3921 3735 asse-

2466 3779 2773 3859 quebatur.
2809 3787 3048 3858 aspectu
3074 3780 3312 3859 iqneum
3338 3778 3619 3839 ardorem
3654 3779 3722 3838 T.
3755 3773 3922 3858 (can-

2465 3883 2666 3945 dorem
2707 3883 2952 3944 niueum
2993 3880 3090 3961 R.)
3401 3907 3406 3914 ·

2549 3989 2653 4050 30.
2693 3983 3094 4069 praestantia]
3135 3987 3481 4068 praesentia
3519 3984 3743 4046 PAFR.

2552 4092 2654 4152 3¹.
2703 4089 2814 4151 Ex
2858 4111 2985 4151 om.
3035 4089 3364 4153 PABFRT.

2549 4195 2653 4256 32.
2702 4201 2792 4255 est·
2813 4194 2923 4255 hoc
2950 4194 3278 4256 PABFBT.
3305 4203 3405 4241 -—-”
3417 4193 3690 4274 splendor
3718 4193 3785 4254 in
3812 4210 3918 4255 ar-

2465 4297 2580 4357 mis
2623 4298 2694 4358 T.
2721 4330 2805 4343 —
2828 4297 2974 4358 solis
3015 4298 3291 4378 splendor
3331 4297 3640 4359 obscurius
3668 4297 3740 4358 B.

2549 4402 2653 4462 36.
2699 4402 2956 4481 nuptiles
2997 4403 3063 4463 F.

2548 4506 2648 4567 37.
2693 4506 2782 4566 De
2826 4513 2947 4567 toto
2978 4522 3134 4584 pars
3177 4521 3305 4567 om.
3355 4504 3450 4567 PF
3494 4509 3556 4566 et
3591 4519 3691 4583 pr.
3728 4503 3799 4569 A.
3844 4502 3917 4582 (a

2462 4616 2583 4669 toto
2617 4626 2772 4688 pars
2815 4608 2959 4669 add.
3011 4625 3174 4669 corr.
3214 4603 3320 4686 A.)

2547 4711 2645 4776 38.
2693 4707 2956 4792 ostentet]
3004 4711 3259 4771 ostendet
3303 4714 3421 4773 BF.

2547 4814 2696 4895 Pag.
2749 4814 2852 4876 85.
2914 4833 2976 4875 v.
3044 4813 3101 4874 1.
3188 4814 3372 4893 plura
3426 4813 3538 4873 hoe
3589 4814 3764 4876 modo
3802 4812 3912 4873 int.

1020 4916 1118 4976 19.
1159 4913 1384 4977 dedisse
1424 4916 1647 4977 uirtute
1688 4923 1892 4978 uestra
1933 4916 2115 4990 PAF,
2162 4918 2387 4980 dedisse
2462 4918 2788 4980 PABFRT.
2811 4947 2895 4966 ——-
2923 4915 3336 4997 intellegentur
3377 4915 3552 4978 PBR.
