4620 5864
984 593 1037 665 2
1839 585 2021 656 vAn.
2065 580 2292 656 LECT.
2335 581 2444 677 As)
2490 581 3124 653 RHETomconuM

1065 789 1173 855 28.
1218 787 1522 853 valeamus
1548 785 1719 852 PBT.
1764 825 1847 842 -
1890 804 2038 851 usus
2065 784 2346 852 assiduus
2365 787 2439 853 R.
2599 787 2705 858 24.
2749 787 2962 870 epodos
2990 787 3175 866 PBT,
3218 784 3472 872 oepodoe
3507 785 3596 863 A,
3640 785 3823 870 opdoe
3850 787 3919 850 F.

1066 898 1171 959 30.
1216 889 1430 977 iqitur]
1465 912 1606 976 erqo
1635 895 1717 966 B,
1763 910 1890 958 om.
1932 893 2002 959 F.
2599 893 2702 958 26.
2744 893 2836 956 ita
2870 910 2995 958 om.
3036 894 3104 960 F.

1066 1002 1172 1066 31.
1218 999 1557 1063 conueniret
1616 997 1837 1062 PAFT.
1897 1028 1978 1040 —
2068 996 2440 1081 quemadmo·
2599 997 2705 1062 27.
2747 1017 2963 1062 causae
2990 1016 3174 1080 yenus
3204 998 3275 1063 T.
3317 1030 3402 1043 —
3444 995 3725 1061 habemus
3751 1000 3823 1063 R.

982 1104 1126 1169 dum
1168 1104 1369 1188 possit
1428 1103 1626 1167 oratio
1680 1103 1760 1167 ad
1823 1103 2119 1167 rationem
2173 1103 2441 1179 oratorie
2599 1101 2702 1170 28.
2741 1102 2853 1165 illa
2894 1121 3052 1185 pars
3108 1102 3502 1185 turpitudinis
3561 1103 3716 1168 AFR
3732 1148 3748 1179 ,
3808 1119 3966 1185 pure

985 1210 1169 1292 officii
1186 1209 1627 1273 accommodari
1656 1208 1736 1283 P,
1781 1206 2107 1291 quemadm.
2132 1208 2332 1270 oratio
2362 1205 2442 1269 ad
2513 1204 2624 1267 illa
2658 1206 3053 1288 turpitudinis
3088 1208 3158 1271 T.

980 1314 1278 1377 rationem
1312 1314 1511 1396 possit
1565 1312 1750 1395 officii
1798 1314 2067 1376 oratorie
2112 1330 2443 1375 accommo-
2596 1310 2701 1378 29.
2741 1329 2930 1392 qenus
2968 1312 3085 1375 erit
3124 1312 3397 1379 PAFRT.

983 1417 1125 1480 dari
1152 1419 1205 1482 A
1224 1464 1239 1493 ,
1283 1416 1611 1501 quemadm.
1659 1417 1859 1499 officia
1897 1416 2166 1480 oratoris
2194 1415 2274 1479 ad
2300 1434 2439 1478 ora-
2597 1415 2702 1478 32.
2744 1423 2986 1499 captare
3011 1417 3115 1481 BR
3129 1464 3146 1491 ,
3192 1436 3435 1501 carpere
3472 1435 3571 1502 pr.
3606 1415 3676 1481 F.
3722 1416 3964 1500 (capere

981 1523 1201 1586 tionem
1234 1521 1674 1586 accommodari
1699 1521 1943 1602 possint
1977 1523 2059 1592 B,
2104 1519 2437 1605 quemadm.
2514 1534 2682 1583 corr.
2712 1518 2816 1600 F.)
2857 1554 2939 1566 -
2980 1520 3054 1585 Si
3083 1521 3257 1586 AFT.
3306 1551 3384 1569 —-
3427 1541 3611 1604 qenus
3653 1542 3868 1586 causae
3895 1522 3961 1588 P.

982 1626 1062 1690 ad
1101 1626 1399 1690 rationem
1428 1626 1670 1709 possint
1708 1625 1910 1706 officia
1945 1623 2243 1687 orationis
2271 1619 2442 1705 (ora-
2598 1623 2744 1707 Pag.
2773 1626 2835 1689 4.
2879 1643 2940 1693 V.
2974 1625 3031 1693 1.
3113 1627 3391 1690 uolumus
3433 1626 3513 1701 P,
3554 1626 3811 1690 uelimus
3839 1630 3911 1693 R.

981 1730 1135 1793 toris
1195 1729 1390 1812 corr.)
1455 1729 1896 1794 accommodari
1960 1729 2035 1801 F,
2108 1725 2437 1809 quemadm.
2597 1727 2658 1796 3.
2702 1728 2775 1791 Si
2794 1729 2908 1792 PF.
2930 1731 3435 1812 —utiprinoipio
3457 1716 3722 1799 R.-⁴bb
3741 1730 3962 1794 PAFR.

968 1834 1172 1917 possit
1210 1834 1289 1897 ad
1335 1834 1668 1898 orationem
1713 1831 1981 1896 oratoris
2030 1831 2291 1914 officium
2339 1849 2441 1894 ac·
2595 1830 2658 1894 4.
2702 1830 2777 1895 ab
2806 1849 2923 1895 scr.
2959 1834 3083 1898 BR.
3130 1866 3212 1878 -
3263 1834 3614 1915 firmissimo
3662 1852 3788 1902 om.
3826 1836 3874 1898 B
3902 1839 3966 1897 et

982 1938 1447 2011 commodoriR,
1492 1936 1820 2021 quemadm.
1845 1934 1925 1998 ad
1944 1936 2278 1998 orationem
2290 1953 2441 2018 poe-
2510 1951 2607 2021 pr.
2634 1934 2703 2004 P.
2731 1972 2815 1986 --
2855 1944 3097 2001 nostrae
3141 1954 3266 2003 om.
3295 1938 3371 2003 A.

983 2038 1108 2106 &int
1131 2042 1333 2124 officia
1359 2042 1628 2105 oratoris
1653 2039 2097 2105 accommodari
2129 2039 2201 2101 T.
2598 2040 2658 2109 5.
2699 2035 2913 2124 iqitur]
2952 2059 3092 2123 erqo
3128 2043 3198 2106 B.
3252 2075 3334 2087 —
3391 2046 3678 2106 attevuum
3725 2041 3962 2107 beniuo-

1066 2146 1214 2229 Pag.
1246 2147 1307 2210 3.
1351 2165 1410 2212 v.
1443 2147 1503 2216 1.
1590 2145 1887 2209 orationis
1922 2162 2051 2214 om.
2080 2143 2203 2210 AF.
2245 2174 2331 2191 ·-
2370 2142 2441 2207 in
2513 2143 2638 2208 lum
2679 2147 2750 2209 B.

980 2257 1126 2316 ante
1157 2250 1480 2315 exordium
1514 2269 1636 2318 om.
1674 2249 1850 2315 AFR.
2595 2250 2656 2314 6.
2698 2249 3035 2314 auditorem
3071 2249 3284 2315 habere
3309 2248 3586 2313 uolumus
3616 2247 3767 2315 PAB
3784 2296 3801 2325 ,
3851 2268 3962 2314 au-

1065 2358 1129 2423 3.
1173 2354 1473 2418 auditoris
1513 2354 1611 2417 uel
1638 2349 1771 2438 (aut
1797 2351 1919 2437 AF)
1960 2353 2183 2419 iudicis
2216 2354 2440 2419 consti-
2510 2353 2764 2418 ditorem
2798 2355 3076 2422 uolumus
3110 2355 3323 2421 habere
3358 2355 3532 2422 FRT.
3584 2389 3659 2402 —
3725 2349 3957 2438 confici]

980 2459 1177 2522 tuitur
1202 2459 1300 2521 uel
1330 2456 1404 2540 (et
1431 2454 1553 2540 AF)
1584 2458 1926 2542 apparatur
1959 2460 2039 2524 ad
2065 2459 2340 2523 PABFT.
2513 2460 2736 2541 efficere
2774 2460 2847 2523 B.

1064 2562 1129 2626 4.
1163 2562 1423 2645 proinde
1453 2561 1620 2633 PFT.
1653 2558 1785 2647 (aut
1799 2573 1992 2648 prout
2014 2572 2323 2646 qestarum
2342 2580 2434 2633 rc.
2595 2566 2657 2633 7.
2696 2562 2951 2628 breviter
2994 2580 3121 2630 om.
3165 2565 3292 2632 AF.

982 2683 1111 2749 mg.
1139 2667 1244 2747 B.)
2597 2670 2658 2733 8.
2700 2689 2798 2733 eos
2829 2687 2952 2735 om.
2984 2670 3054 2734 F.
3095 2703 3180 2717 —-
3221 2669 3280 2734 ie
3320 2686 3446 2740 om.
3474 2667 3647 2741 PBT.

1068 2772 1129 2835 6.
1175 2772 1367 2835 simus
1398 2773 1601 2837 acturi
1630 2772 1761 2850 ΡΒ,
1805 2791 2013 2838 eumue
2032 2774 2239 2839 acturi
2263 2774 2334 2840 T.
2595 2774 2658 2839 9.
2698 2774 3056 2857 pollicemur
3094 2776 3169 2840 R.

1065 2875 1127 2941 7.
1171 2887 1664 2960 aryumentorum
1705 2886 2054 2942 nostrorum
2080 2879 2150 2945 P.
2193 2913 2269 2927 —
2336 2895 2435 2944 ae·
2597 2879 2698 2944 10.
2740 2879 2838 2944 his
2870 2880 3053 2958 PBT,
3095 2879 3194 2944 lm
3232 2878 3408 2946 rebus
3434 2880 3519 2956 A,
3562 2878 3738 2945 rebus
3755 2877 3852 2943 hie
3877 2879 3956 2953 F,

979 2978 1364 3066 severatione]
1408 2984 1763 3058 assertione,
1809 2981 2005 3049 altera
2032 2980 2303 3050 lectione
2332 3001 2437 3049 ea-
2508 2982 2684 3048 rebue
2723 2985 2805 3048 iis
2845 2987 2918 3053 R.

979 3085 1126 3148 dem
1152 3102 1344 3150 manu
1372 3089 1824 3172 superscripta,
1856 3090 1929 3153 R.
2596 3090 2694 3157 11.
2734 3107 2862 3153 rem
2883 3085 2976 3172 μ]
3005 3109 3075 3172 p.
3105 3108 3161 3156 r.
3189 3089 3259 3153 P.
3301 3123 3385 3136 —
3426 3033 3679 3153 ouditmt
3713 3089 3788 3159 Β.

1063 3190 1124 3253 9.
1169 3191 1468 3254 orationis
1509 3191 1799 3255 terminus
1840 3194 1912 3262 Β.
2598 3193 2695 3263 12.
2736 3189 3102 3277 reliqionem]
3176 3194 3526 3277 reliqionem
3600 3202 3708 3259 aaa
3759 3192 3959 3277 pieta-

1066 3292 1165 3361 13.
1208 3289 1408 3359 Causa
1431 3313 1579 3359 uero
1594 3297 1803 3379 posita
1830 3298 1900 3366 R.
1943 3329 2028 3346 —
2069 3298 2436 3364 commodius
2508 3304 2624 3362 tem
2665 3300 2741 3363 R.

978 3403 1034 3460 et
1053 3397 1304 3479 [acilius
1331 3399 1608 3462 exordiri
1633 3402 1708 3466 R.
2596 3404 2699 3472 13.
2742 3400 2811 3466 de
2851 3400 3064 3485 quibus
3094 3401 3270 3470 rebus
3301 3404 3372 3468 B.
3402 3435 3484 3449 -
3525 3403 3717 3468 simus
3754 3402 3821 3470 P.

1065 3503 1164 3565 14.
1210 3510 1295 3565 est
1322 3503 1815 3571 considerandum
1840 3504 2060 3574 PBFT.
2595 3507 2695 3571 14.
2728 3501 3074 3590 possumus]
3088 3508 3428 3590 poterimus
3453 3507 3629 3573 AFR.
3662 3541 3746 3555 --
3788 3501 3850 3590 a]
3882 3505 3958 3571 ab

1063 3608 1162 3671 15.
1203 3626 1388 3688 qenus
1414 3629 1630 3675 caueae
1659 3614 1731 3676 R.
1777 3646 1862 3662 ·—
1902 3621 2285 3696 computatur
2319 3615 2389 3684 F.
2508 3612 2639 3687 BR,
2684 3630 2810 3680 om.
2836 3612 2961 3678 AF.
3021 3641 3106 3657 --
3169 3608 3399 3696 nostra]
3454 3620 3666 3678 nostra
3693 3631 3958 3697 persona

1064 3709 1162 3778 16.
1204 3711 1272 3773 id
1302 3731 1425 3777 om.
1455 3711 1571 3778 PB.
1621 3747 1700 3762 —-
1746 3717 2211 3801 obpuqnabimue
2238 3721 2308 3783 Β.
2507 3718 2562 3782 Β
2594 3721 2657 3781 et
2684 3736 2851 3782 corr.
2881 3719 2957 3786 A.
3002 3751 3085 3764 --
3128 3716 3203 3781 ab
3241 3735 3366 3781 om.
3394 3717 3515 3781 AF.

1061 3814 1161 3876 17.
1207 3818 1546 3899 oppugnari
1582 3818 1822 3884 uidetur
1851 3824 1923 3887 R.
1968 3853 2052 3868 —-
2088 3823 2248 3904 forte
2272 3825 2395 3888 FT.
2596 3822 2696 3887 15.
2738 3822 2977 3885 aduere.
3013 3830 3361 3885 nostrorum
3414 3820 3490 3885 ab
3541 3820 3732 3885 audit.
3774 3821 3953 3896 PBT,

1060 3916 1160 3980 18.
1206 3931 1586 4003 oppuynatur
1617 3940 1717 3987 res
1749 3926 1822 3990 R.
2506 3926 2744 3990 oduere.
2774 3934 3122 3991 nostrorum
3158 3926 3348 3992 audit.
3377 3928 3462 4001 A,
3506 3927 3742 3992 oduers.
3765 3926 3952 3990 audit.

1060 4021 1157 4089 19.
1202 4031 1287 4086 est
1329 4044 1457 4096 om.
1501 4028 1570 4093 F.
2505 4031 2583 4107 F,
2644 4030 3141 4094 aduersariorum
3170 4039 3226 4094 et
3258 4030 3334 4095 ab
3364 4030 3710 4096 auditorum
3750 4034 3825 4097 R.
3874 4063 3953 4079 —

1053 4125 1157 4188 20.
1202 4133 1260 4190 et
1308 4134 1452 4194 ante
1499 4130 1825 4199 honestatis
1875 4150 2002 4202 om.
2051 4139 2125 4205 R.
2176 4164 2257 4182 ·--
2318 4131 2425 4222 eet]
2504 4144 2781 4200 etaom.
2810 4135 2932 4199 FA.
2976 4177 3058 4189 -
3100 4134 3175 4199 ab
3212 4134 3386 4198 rebus
3422 4137 3493 4200 B.

969 4228 1085 4292 erit
1126 4231 1248 4294 AF.
2593 4241 2694 4307 17.
2737 4239 2900 4304 laud.
2929 4245 3104 4322 atque
3134 4239 3203 4303 in
3239 4238 3362 4308 PB.
3402 4268 3485 4283 ·-
3530 4256 3598 4304 re
3616 4258 3683 4322 p.
3716 4241 3786 4304 T.

1054 4331 1158 4397 21.
1202 4333 1478 4420 affertur]
1533 4348 1670 4405 ante
1697 4342 1899 4425 fertur
1938 4346 2020 4423 P,
2083 4353 2221 4413 onte
2247 4343 2431 4429 affer·-
2594 4345 2692 4412 18.
2734 4345 2898 4427 ipsos
2940 4362 3066 4409 om.
3111 4343 3228 4408 PB.
3270 4377 3349 4392 —
3392 4344 3634 4409 audient
3659 4345 3834 4408 AFR.
3872 4376 3954 4392 -

966 4444 1071 4500 tur
1097 4438 1168 4504 Β.
1211 4471 1296 4486 --
1339 4443 1582 4508 exordii
1602 4445 1681 4511 T.
2505 4443 2850 4532 reseremus]
2903 4447 3136 4531 aliquid
3183 4447 3504 4532 reseremus
3558 4448 3779 4518 PFRT.
3862 4449 3957 4514 De

1049 4543 1153 4606 22.
1198 4563 1413 4609 causae
1438 4567 1626 4629 qenus
1658 4483 1984 4622 PABFRT.
2033 4586 2116 4604 ·-
2168 4571 2431 4624 commo-
2506 4556 2607 4618 AB
2652 4572 2779 4618 non
2821 4551 3040 4637 liquet.

962 4643 1105 4710 dari
1141 4647 1210 4713 F.
1254 4683 1336 4695 —
1379 4660 1519 4715 sunt
1547 4652 1666 4718 duo
1694 4660 1764 4723 T.
2595 4658 2692 4724 19.
2737 4678 2858 4741 qua
2897 4657 2966 4721 de
3007 4658 3182 4725 AFR.

1048 4752 1151 4816 23.
1184 4752 1575 4835 prohemium
1623 4759 1806 4839 PBT,
1866 4763 2291 4853 prohoemium
2342 4765 2430 4844 A,
2591 4763 2694 4825 21.
2737 4763 2794 4826 εἰ
2826 4781 2953 4832 om.
2978 4763 3047 4828 F.
3077 4797 3160 4808 —-
3194 4762 3436 4828 auxilio
3462 4760 3644 4826 simul
3667 4761 3799 4836 AF,
3843 4778 3952 4825 au-

948 4856 1430 4940 PT07⁸⁰m0m²²⁴m
1470 4861 1542 4933 F·
2507 4867 2667 4936 :cilio
2694 4875 2752 4935 et
2776 4869 2833 4936 si
2857 4867 3040 4936 simul
3065 4871 3138 4940 R.
3169 4909 3253 4930 -
3291 4867 3656 4935 madenam
3675 4875 3732 4934 et
3749 4883 3861 4932 noe
3877 4866 3953 4934 A.
