<?xml version="1.0" encoding="UTF-8"?>
<!DOCTYPE html PUBLIC "-//W3C//DTD XHTML 1.0 Transitional//EN"
    "http://www.w3.org/TR/xhtml1/DTD/xhtml1-transitional.dtd">
<html xmlns="http://www.w3.org/1999/xhtml" xml:lang="en" lang="en">
 <head>
  <title>
</title>
<meta http-equiv="Content-Type" content="text/html;charset=utf-8" />
  <meta name='ocr-system' content='tesseract 3.04.00' />
  <meta name='ocr-capabilities' content='ocr_page ocr_carea ocr_par ocr_line ocrx_word'/>
</head>
<body>
  <div class='ocr_page' id='page_1' title='image "./varietaslection00baitgoog_0037.png"; bbox 0 0 4620 5864; ppageno 0'>
   <div class='ocr_carea' id='block_1_1' title="bbox 1379 639 3614 712">
    <p class='ocr_par' dir='ltr' id='par_1_1' title="bbox 1379 639 3614 712">
     <span class='ocr_line' id='line_1_1' title="bbox 1379 639 3614 712; baseline -0.001 0"><span class='ocrx_word' id='word_1_1' title='bbox 1379 647 1488 712; x_wconf 84' lang='lat' dir='ltr'><strong><em>AD</em></strong></span> <span class='ocrx_word' id='word_1_2' title='bbox 1532 646 1883 711; x_wconf 83' lang='lat' dir='ltr'><strong>HERENN.</strong></span> <span class='ocrx_word' id='word_1_3' title='bbox 1930 646 2084 710; x_wconf 89' lang='lat' dir='ltr'><strong>LIB.</strong></span> <span class='ocrx_word' id='word_1_4' title='bbox 2132 646 2239 710; x_wconf 84' lang='lat'><strong>111.</strong></span> <span class='ocrx_word' id='word_1_5' title='bbox 2334 644 2505 711; x_wconf 85' lang='lat' dir='ltr'><strong>CAP.</strong></span> <span class='ocrx_word' id='word_1_6' title='bbox 2558 644 2847 710; x_wconf 79' lang='lat'><strong>12—16.</strong></span> <span class='ocrx_word' id='word_1_7' title='bbox 3512 639 3614 709; x_wconf 79' lang='grc'><strong><em>33</em></strong></span> 
     </span>
    </p>
   </div>
   <div class='ocr_carea' id='block_1_2' title="bbox 629 837 3619 1345">
    <p class='ocr_par' dir='ltr' id='par_1_2' title="bbox 631 837 3616 923">
     <span class='ocr_line' id='line_1_2' title="bbox 631 837 3616 923; baseline -0.003 -14"><span class='ocrx_word' id='word_1_8' title='bbox 631 854 713 909; x_wconf 80' lang='lat' dir='ltr'><strong><em>est</em></strong></span> <span class='ocrx_word' id='word_1_9' title='bbox 754 864 949 910; x_wconf 86' lang='lat' dir='ltr'><strong><em>sermo</em></strong></span> <span class='ocrx_word' id='word_1_10' title='bbox 989 847 1057 909; x_wconf 88' lang='lat' dir='ltr'><strong><em>in</em></strong></span> <span class='ocrx_word' id='word_1_11' title='bbox 1102 846 1457 909; x_wconf 74' lang='lat' dir='ltr'><strong><em>narratione</em></strong></span> <span class='ocrx_word' id='word_1_12' title='bbox 1512 854 1639 909; x_wconf 79' lang='lat' dir='ltr'><strong><em>tum</em></strong></span> <span class='ocrx_word' id='word_1_13' title='bbox 1680 862 1896 909; x_wconf 79' lang='lat' dir='ltr'><strong><em>uocum</em></strong></span> <span class='ocrx_word' id='word_1_14' title='bbox 1945 847 2080 919; x_wconf 86' lang='lat' dir='ltr'><strong><em>BR,</em></strong></span> <span class='ocrx_word' id='word_1_15' title='bbox 2246 842 2348 907; x_wconf 73' lang='grc'><strong><em>14.</em></strong></span> <span class='ocrx_word' id='word_1_16' title='bbox 2399 837 2688 923; x_wconf 88' lang='lat' dir='ltr'><strong><em>convenit]</em></strong></span> <span class='ocrx_word' id='word_1_17' title='bbox 2738 842 3054 903; x_wconf 84' lang='lat' dir='ltr'><strong><em>conueniat</em></strong></span> <span class='ocrx_word' id='word_1_18' title='bbox 3096 840 3194 903; x_wconf 85' lang='lat' dir='ltr'><strong><em>AF</em></strong></span> <span class='ocrx_word' id='word_1_19' title='bbox 3234 845 3299 901; x_wconf 85' lang='lat' dir='ltr'><strong><em>et</em></strong></span> <span class='ocrx_word' id='word_1_20' title='bbox 3342 856 3507 902; x_wconf 86' lang='lat' dir='ltr'><strong><em>corr.</em></strong></span> <span class='ocrx_word' id='word_1_21' title='bbox 3534 837 3616 913; x_wconf 95' lang='lat' dir='ltr'><strong>P,</strong></span> 
     </span>
    </p>

    <p class='ocr_par' dir='ltr' id='par_1_3' title="bbox 629 944 3619 1136">
     <span class='ocr_line' id='line_1_3' title="bbox 629 944 3619 1032; baseline -0.002 -21"><span class='ocrx_word' id='word_1_22' title='bbox 629 969 822 1014; x_wconf 82' lang='lat' dir='ltr'><strong><em>sermo</em></strong></span> <span class='ocrx_word' id='word_1_23' title='bbox 865 958 954 1014; x_wconf 85' lang='lat' dir='ltr'><strong><em>est</em></strong></span> <span class='ocrx_word' id='word_1_24' title='bbox 989 952 1056 1012; x_wconf 88' lang='lat' dir='ltr'><strong><em>in</em></strong></span> <span class='ocrx_word' id='word_1_25' title='bbox 1082 951 1435 1012; x_wconf 80' lang='lat' dir='ltr'><strong><em>narratione</em></strong></span> <span class='ocrx_word' id='word_1_26' title='bbox 1462 969 1679 1013; x_wconf 85' lang='lat' dir='ltr'><strong><em>uocum</em></strong></span> <span class='ocrx_word' id='word_1_27' title='bbox 1708 953 1782 1014; x_wconf 89' lang='grc' dir='ltr'><strong><em>Τ.</em></strong></span> <span class='ocrx_word' id='word_1_28' title='bbox 2160 966 2288 1011; x_wconf 92' lang='lat' dir='ltr'><strong><em>om.</em></strong></span> <span class='ocrx_word' id='word_1_29' title='bbox 2338 967 2436 1032; x_wconf 84' lang='lat' dir='ltr'><strong><em>pr.</em></strong></span> <span class='ocrx_word' id='word_1_30' title='bbox 2484 948 2553 1013; x_wconf 91' lang='lat' dir='ltr'><strong><em>P.</em></strong></span> <span class='ocrx_word' id='word_1_31' title='bbox 2584 980 2668 992; x_wconf 91' lang='lat'><strong>—</strong></span> <span class='ocrx_word' id='word_1_32' title='bbox 2709 952 2763 1007; x_wconf 88' lang='lat' dir='ltr'><strong><em>et</em></strong></span> <span class='ocrx_word' id='word_1_33' title='bbox 2794 944 3211 1025; x_wconf 80' lang='lat' dir='ltr'><strong><em>probabiliora</em></strong></span> <span class='ocrx_word' id='word_1_34' title='bbox 3234 976 3266 989; x_wconf 90' lang='lat'>-</span> <span class='ocrx_word' id='word_1_35' title='bbox 3294 977 3325 989; x_wconf 95' lang='lat'>-</span> <span class='ocrx_word' id='word_1_36' title='bbox 3347 960 3619 1024; x_wconf 89' lang='lat' dir='ltr'><strong><em>pronun-</em></strong></span> 
     </span>
     <span class='ocr_line' id='line_1_4' title="bbox 719 1042 3617 1136; baseline -0.002 -19"><span class='ocrx_word' id='word_1_37' title='bbox 719 1058 817 1118; x_wconf 94' lang='grc'><strong><em>19.</em></strong></span> <span class='ocrx_word' id='word_1_38' title='bbox 864 1056 1154 1117; x_wconf 81' lang='lat' dir='ltr'><strong><em>varietate</em></strong></span> <span class='ocrx_word' id='word_1_39' title='bbox 1200 1074 1348 1135; x_wconf 83' lang='lat' dir='ltr'><strong><em>opus</em></strong></span> <span class='ocrx_word' id='word_1_40' title='bbox 1390 1050 1495 1136; x_wconf 85' lang='lat' dir='ltr'><strong><em>est]</em></strong></span> <span class='ocrx_word' id='word_1_41' title='bbox 1542 1056 1867 1118; x_wconf 84' lang='lat' dir='ltr'><strong><em>uarietates</em></strong></span> <span class='ocrx_word' id='word_1_42' title='bbox 1913 1073 2086 1134; x_wconf 86' lang='lat' dir='ltr'><strong><em>opos-</em></strong></span> <span class='ocrx_word' id='word_1_43' title='bbox 2159 1053 2394 1114; x_wconf 83' lang='lat' dir='ltr'><strong><em>tiantur</em></strong></span> <span class='ocrx_word' id='word_1_44' title='bbox 2447 1070 2577 1113; x_wconf 90' lang='lat' dir='ltr'><strong><em>om.</em></strong></span> <span class='ocrx_word' id='word_1_45' title='bbox 2630 1052 2749 1113; x_wconf 88' lang='grc' dir='ltr'><strong><em>ΡΤ.</em></strong></span> <span class='ocrx_word' id='word_1_46' title='bbox 2798 1081 2877 1095; x_wconf 87' lang='grc'><strong><em>--</em></strong></span> <span class='ocrx_word' id='word_1_47' title='bbox 2929 1055 2983 1109; x_wconf 90' lang='lat' dir='ltr'><strong><em>et</em></strong></span> <span class='ocrx_word' id='word_1_48' title='bbox 3024 1042 3458 1130; x_wconf 79' lang='lat' dir='ltr'><strong><em>probabiliora]</em></strong></span> <span class='ocrx_word' id='word_1_49' title='bbox 3485 1066 3617 1129; x_wconf 69' lang='lat' dir='ltr'><strong><em>que</em></strong></span> 
     </span>
    </p>

    <p class='ocr_par' dir='ltr' id='par_1_4' title="bbox 631 1155 2676 1243">
     <span class='ocr_line' id='line_1_5' title="bbox 631 1155 2676 1243; baseline -0.002 -24"><span class='ocrx_word' id='word_1_50' title='bbox 631 1166 769 1220; x_wconf 89' lang='lat' dir='ltr'><strong><em>sunt</em></strong></span> <span class='ocrx_word' id='word_1_51' title='bbox 803 1178 899 1243; x_wconf 89' lang='lat' dir='ltr'><strong><em>pr.</em></strong></span> <span class='ocrx_word' id='word_1_52' title='bbox 931 1159 976 1219; x_wconf 92' lang='lat' dir='ltr'><strong>P</strong></span> <span class='ocrx_word' id='word_1_53' title='bbox 995 1205 1012 1231; x_wconf 93' lang='lat'><strong>,</strong></span> <span class='ocrx_word' id='word_1_54' title='bbox 1056 1159 1378 1221; x_wconf 84' lang='lat' dir='ltr'><strong><em>uarietates</em></strong></span> <span class='ocrx_word' id='word_1_55' title='bbox 1395 1159 1546 1240; x_wconf 88' lang='lat' dir='ltr'><strong><em>poni</em></strong></span> <span class='ocrx_word' id='word_1_56' title='bbox 1564 1167 1818 1239; x_wconf 84' lang='lat' dir='ltr'><strong><em>possunt</em></strong></span> <span class='ocrx_word' id='word_1_57' title='bbox 1844 1159 1999 1221; x_wconf 86' lang='lat' dir='ltr'><strong><em>AFR</em></strong></span> <span class='ocrx_word' id='word_1_58' title='bbox 2024 1165 2086 1219; x_wconf 81' lang='lat' dir='ltr'><strong><em>et</em></strong></span> <span class='ocrx_word' id='word_1_59' title='bbox 2148 1155 2562 1236; x_wconf 82' lang='lat' dir='ltr'><strong><em>probabiliora</em></strong></span> <span class='ocrx_word' id='word_1_60' title='bbox 2606 1158 2676 1216; x_wconf 94' lang='lat' dir='ltr'><strong>B.</strong></span> 
     </span>
    </p>

    <p class='ocr_par' dir='ltr' id='par_1_5' title="bbox 633 1252 3239 1345">
     <span class='ocr_line' id='line_1_6' title="bbox 633 1252 3239 1345; baseline -0.001 -21"><span class='ocrx_word' id='word_1_61' title='bbox 633 1280 798 1324; x_wconf 86' lang='lat' dir='ltr'><strong><em>corr.</em></strong></span> <span class='ocrx_word' id='word_1_62' title='bbox 841 1262 917 1334; x_wconf 88' lang='lat' dir='ltr'><strong><em>P,</em></strong></span> <span class='ocrx_word' id='word_1_63' title='bbox 961 1263 1285 1325; x_wconf 83' lang='lat' dir='ltr'><strong><em>uarietates</em></strong></span> <span class='ocrx_word' id='word_1_64' title='bbox 1326 1282 1476 1345; x_wconf 84' lang='lat' dir='ltr'><strong><em>opus</em></strong></span> <span class='ocrx_word' id='word_1_65' title='bbox 1502 1270 1642 1325; x_wconf 86' lang='lat' dir='ltr'><strong><em>sunt</em></strong></span> <span class='ocrx_word' id='word_1_66' title='bbox 1680 1265 1753 1326; x_wconf 90' lang='lat' dir='ltr'><strong><em>T.</em></strong></span> <span class='ocrx_word' id='word_1_67' title='bbox 1787 1294 1871 1310; x_wconf 92' lang='lat'><em>-</em></span> <span class='ocrx_word' id='word_1_68' title='bbox 1914 1262 2087 1345; x_wconf 84' lang='lat' dir='ltr'><strong><em>quid-</em></strong></span> <span class='ocrx_word' id='word_1_69' title='bbox 2252 1260 2348 1321; x_wconf 87' lang='lat'><strong>15.</strong></span> <span class='ocrx_word' id='word_1_70' title='bbox 2392 1278 2513 1320; x_wconf 84' lang='lat' dir='ltr'><strong><em>esse</em></strong></span> <span class='ocrx_word' id='word_1_71' title='bbox 2555 1259 2826 1321; x_wconf 85' lang='lat' dir='ltr'><strong>PAFRT.</strong></span> <span class='ocrx_word' id='word_1_72' title='bbox 2877 1252 3091 1338; x_wconf 86' lang='lat' dir='ltr'><strong><em>(inesse</em></strong></span> <span class='ocrx_word' id='word_1_73' title='bbox 3133 1255 3239 1336; x_wconf 87' lang='lat' dir='ltr'><strong>B.)</strong></span> 
     </span>
    </p>
   </div>
   <div class='ocr_carea' id='block_1_3' title="bbox 620 1358 3619 2257">
    <p class='ocr_par' dir='ltr' id='par_1_6' title="bbox 620 1358 3619 2257">
     <span class='ocr_line' id='line_1_7' title="bbox 628 1358 3619 1448; baseline -0.001 -22"><span class='ocrx_word' id='word_1_74' title='bbox 628 1362 758 1448; x_wconf 83' lang='lat' dir='ltr'><strong><em>que]</em></strong></span> <span class='ocrx_word' id='word_1_75' title='bbox 806 1365 1070 1446; x_wconf 82' lang='lat' dir='ltr'><strong><em>quodque</em></strong></span> <span class='ocrx_word' id='word_1_76' title='bbox 1112 1365 1182 1428; x_wconf 88' lang='lat' dir='ltr'><strong><em>F.</em></strong></span> <span class='ocrx_word' id='word_1_77' title='bbox 2250 1363 2350 1424; x_wconf 89' lang='lat'><strong><em>16.</em></strong></span> <span class='ocrx_word' id='word_1_78' title='bbox 2398 1371 2566 1443; x_wconf 76' lang='lat' dir='ltr'><strong><em>yestu</em></strong></span> <span class='ocrx_word' id='word_1_79' title='bbox 2623 1370 2680 1424; x_wconf 88' lang='lat' dir='ltr'><strong><em>et</em></strong></span> <span class='ocrx_word' id='word_1_80' title='bbox 2727 1369 3092 1425; x_wconf 82' lang='lat' dir='ltr'><strong><em>uenustatem</em></strong></span> <span class='ocrx_word' id='word_1_81' title='bbox 3146 1358 3619 1442; x_wconf 71' lang='lat' dir='ltr'><strong><em>conspiciendam</em></strong></span> 
     </span>
     <span class='ocr_line' id='line_1_8' title="bbox 711 1464 2630 1552; baseline -0.001 -21"><span class='ocrx_word' id='word_1_82' title='bbox 711 1470 817 1531; x_wconf 96' lang='grc'><strong><em>20.</em></strong></span> <span class='ocrx_word' id='word_1_83' title='bbox 863 1487 1126 1531; x_wconf 88' lang='lat' dir='ltr'><strong><em>narrare</em></strong></span> <span class='ocrx_word' id='word_1_84' title='bbox 1180 1471 1250 1533; x_wconf 92' lang='lat' dir='ltr'><strong><em>P.</em></strong></span> <span class='ocrx_word' id='word_1_85' title='bbox 1310 1502 1393 1516; x_wconf 92' lang='lat'><strong><em>—-</em></strong></span> <span class='ocrx_word' id='word_1_86' title='bbox 1468 1470 1720 1535; x_wconf 81' lang='lat' dir='ltr'><strong><em>Strenue</em></strong></span> <span class='ocrx_word' id='word_1_87' title='bbox 1775 1464 1949 1552; x_wconf 86' lang='lat' dir='ltr'><strong><em>quod]</em></strong></span> <span class='ocrx_word' id='word_1_88' title='bbox 2014 1468 2086 1531; x_wconf 75' lang='lat' dir='ltr'><strong><em>si</em></strong></span> <span class='ocrx_word' id='word_1_89' title='bbox 2160 1474 2217 1527; x_wconf 86' lang='lat' dir='ltr'><strong><em>et</em></strong></span> <span class='ocrx_word' id='word_1_90' title='bbox 2255 1484 2363 1527; x_wconf 89' lang='lat' dir='ltr'><strong><em>nec</em></strong></span> <span class='ocrx_word' id='word_1_91' title='bbox 2405 1467 2630 1529; x_wconf 84' lang='lat' dir='ltr'><strong>PAFT.</strong></span> 
     </span>
     <span class='ocr_line' id='line_1_9' title="bbox 628 1565 2918 1654; baseline -0.001 -21"><span class='ocrx_word' id='word_1_92' title='bbox 628 1580 864 1636; x_wconf 84' lang='lat' dir='ltr'><strong><em>strenue</em></strong></span> <span class='ocrx_word' id='word_1_93' title='bbox 908 1573 1051 1654; x_wconf 80' lang='lat' dir='ltr'><strong><em>quid</em></strong></span> <span class='ocrx_word' id='word_1_94' title='bbox 1085 1577 1159 1637; x_wconf 87' lang='lat' dir='ltr'><strong>R.</strong></span> <span class='ocrx_word' id='word_1_95' title='bbox 2248 1571 2351 1633; x_wconf 86' lang='lat'><strong>17.</strong></span> <span class='ocrx_word' id='word_1_96' title='bbox 2402 1565 2653 1653; x_wconf 82' lang='lat' dir='ltr'><strong><em>easdem]</em></strong></span> <span class='ocrx_word' id='word_1_97' title='bbox 2702 1589 2802 1633; x_wconf 89' lang='lat' dir='ltr'><strong><em>eas</em></strong></span> <span class='ocrx_word' id='word_1_98' title='bbox 2843 1570 2918 1633; x_wconf 97' lang='lat' dir='ltr'><strong>R.</strong></span> 
     </span>
     <span class='ocr_line' id='line_1_10' title="bbox 712 1672 3486 1758; baseline -0 -20"><span class='ocrx_word' id='word_1_99' title='bbox 712 1678 816 1738; x_wconf 88' lang='lat'><strong>22.</strong></span> <span class='ocrx_word' id='word_1_100' title='bbox 863 1672 1100 1758; x_wconf 84' lang='lat' dir='ltr'><strong><em>maeste]</em></strong></span> <span class='ocrx_word' id='word_1_101' title='bbox 1130 1676 1383 1739; x_wconf 86' lang='lat' dir='ltr'><strong><em>modeste</em></strong></span> <span class='ocrx_word' id='word_1_102' title='bbox 1405 1679 1479 1740; x_wconf 90' lang='lat' dir='ltr'><strong><em>T.</em></strong></span> <span class='ocrx_word' id='word_1_103' title='bbox 1513 1708 1598 1723; x_wconf 92' lang='lat'><strong><em>-·</em></strong></span> <span class='ocrx_word' id='word_1_104' title='bbox 1640 1676 1834 1740; x_wconf 79' lang='lat' dir='ltr'><strong><em>hilare</em></strong></span> <span class='ocrx_word' id='word_1_105' title='bbox 1862 1676 2083 1740; x_wconf 84' lang='lat' dir='ltr'><strong>PAFT.</strong></span> <span class='ocrx_word' id='word_1_106' title='bbox 2251 1674 2350 1734; x_wconf 86' lang='grc'><strong><em>19.</em></strong></span> <span class='ocrx_word' id='word_1_107' title='bbox 2393 1673 2615 1734; x_wconf 84' lang='lat' dir='ltr'><strong><em>stantis</em></strong></span> <span class='ocrx_word' id='word_1_108' title='bbox 2656 1690 2753 1756; x_wconf 83' lang='lat' dir='ltr'><strong><em>pr.</em></strong></span> <span class='ocrx_word' id='word_1_109' title='bbox 2786 1672 2864 1745; x_wconf 89' lang='lat' dir='ltr'><strong><em>P,</em></strong></span> <span class='ocrx_word' id='word_1_110' title='bbox 2911 1681 3164 1736; x_wconf 86' lang='lat' dir='ltr'><strong><em>stantem</em></strong></span> <span class='ocrx_word' id='word_1_111' title='bbox 3205 1691 3373 1737; x_wconf 85' lang='lat' dir='ltr'><strong><em>corr.</em></strong></span> <span class='ocrx_word' id='word_1_112' title='bbox 3415 1674 3486 1737; x_wconf 90' lang='lat' dir='ltr'><strong><em>P.</em></strong></span> 
     </span>
     <span class='ocr_line' id='line_1_11' title="bbox 713 1773 3160 1862; baseline 0.002 -22"><span class='ocrx_word' id='word_1_113' title='bbox 713 1780 818 1841; x_wconf 85' lang='lat'><strong>23.</strong></span> <span class='ocrx_word' id='word_1_114' title='bbox 865 1776 976 1862; x_wconf 88' lang='lat' dir='ltr'><strong><em>ita]</em></strong></span> <span class='ocrx_word' id='word_1_115' title='bbox 1010 1781 1152 1843; x_wconf 84' lang='lat' dir='ltr'><strong><em>item</em></strong></span> <span class='ocrx_word' id='word_1_116' title='bbox 1180 1783 1281 1843; x_wconf 91' lang='lat' dir='ltr'><strong><em>BT</em></strong></span> <span class='ocrx_word' id='word_1_117' title='bbox 1312 1787 1375 1844; x_wconf 84' lang='lat' dir='ltr'><strong><em>et</em></strong></span> <span class='ocrx_word' id='word_1_118' title='bbox 1405 1799 1569 1844; x_wconf 84' lang='lat' dir='ltr'><strong><em>corr.</em></strong></span> <span class='ocrx_word' id='word_1_119' title='bbox 1595 1782 1661 1844; x_wconf 90' lang='lat' dir='ltr'><strong><em>P.</em></strong></span> <span class='ocrx_word' id='word_1_120' title='bbox 2243 1777 2349 1837; x_wconf 75' lang='lat'><strong><em>2⁶2·</em></strong></span> <span class='ocrx_word' id='word_1_121' title='bbox 2399 1784 2484 1838; x_wconf 72' lang='lat' dir='ltr'><strong><em>est</em></strong></span> <span class='ocrx_word' id='word_1_122' title='bbox 2511 1775 2621 1838; x_wconf 75' lang='lat' dir='ltr'><strong><em>hoc</em></strong></span> <span class='ocrx_word' id='word_1_123' title='bbox 2659 1779 2726 1839; x_wconf 86' lang='lat' dir='ltr'><strong>P·</strong></span> <span class='ocrx_word' id='word_1_124' title='bbox 2762 1810 2845 1822; x_wconf 93' lang='lat'>—</span> <span class='ocrx_word' id='word_1_125' title='bbox 2887 1773 2947 1859; x_wconf 86' lang='grc' dir='ltr'><strong><em>α]</em></strong></span> <span class='ocrx_word' id='word_1_126' title='bbox 2993 1777 3063 1840; x_wconf 78' lang='lat' dir='ltr'><strong><em>dc</em></strong></span> <span class='ocrx_word' id='word_1_127' title='bbox 3093 1780 3160 1840; x_wconf 86' lang='lat' dir='ltr'><strong>F.</strong></span> 
     </span>
     <span class='ocr_line' id='line_1_12' title="bbox 620 1876 3618 1968; baseline -0 -24"><span class='ocrx_word' id='word_1_128' title='bbox 620 1890 623 1895; x_wconf 82' lang='grc'><strong>“</strong></span> <span class='ocrx_word' id='word_1_129' title='bbox 711 1883 815 1944; x_wconf 77' lang='grc'><strong><em>24.</em></strong></span> <span class='ocrx_word' id='word_1_130' title='bbox 862 1885 1277 1947; x_wconf 76' lang='lat' dir='ltr'><strong><em>narrationem</em></strong></span> <span class='ocrx_word' id='word_1_131' title='bbox 1324 1885 1550 1948; x_wconf 87' lang='lat' dir='ltr'><strong>PBRT.</strong></span> <span class='ocrx_word' id='word_1_132' title='bbox 1604 1919 1689 1931; x_wconf 92' lang='lat'><strong><em>—-</em></strong></span> <span class='ocrx_word' id='word_1_133' title='bbox 1754 1884 2086 1948; x_wconf 87' lang='lat' dir='ltr'><strong><em>admisera-</em></strong></span> <span class='ocrx_word' id='word_1_134' title='bbox 2244 1880 2351 1943; x_wconf 87' lang='grc'><strong><em>23.</em></strong></span> <span class='ocrx_word' id='word_1_135' title='bbox 2400 1889 2526 1943; x_wconf 86' lang='lat' dir='ltr'><strong><em>tum</em></strong></span> <span class='ocrx_word' id='word_1_136' title='bbox 2552 1876 2801 1963; x_wconf 85' lang='lat' dir='ltr'><strong><em>vultum]</em></strong></span> <span class='ocrx_word' id='word_1_137' title='bbox 2852 1883 3168 1945; x_wconf 83' lang='lat' dir='ltr'><strong><em>tumultum</em></strong></span> <span class='ocrx_word' id='word_1_138' title='bbox 3210 1901 3305 1968; x_wconf 87' lang='lat' dir='ltr'><strong><em>pr.</em></strong></span> <span class='ocrx_word' id='word_1_139' title='bbox 3340 1881 3420 1955; x_wconf 90' lang='lat' dir='ltr'><strong><em>P,</em></strong></span> <span class='ocrx_word' id='word_1_140' title='bbox 3478 1888 3618 1944; x_wconf 83' lang='lat' dir='ltr'><strong><em>tunc</em></strong></span> 
     </span>
     <span class='ocr_line' id='line_1_13' title="bbox 628 1983 2512 2050; baseline 0 -4"><span class='ocrx_word' id='word_1_141' title='bbox 628 1985 818 2047; x_wconf 78' lang='lat' dir='ltr'><strong><em>tiones</em></strong></span> <span class='ocrx_word' id='word_1_142' title='bbox 859 1990 933 2050; x_wconf 88' lang='lat' dir='ltr'><strong>R.</strong></span> <span class='ocrx_word' id='word_1_143' title='bbox 2159 1983 2393 2046; x_wconf 85' lang='lat' dir='ltr'><strong><em>uultum</em></strong></span> <span class='ocrx_word' id='word_1_144' title='bbox 2437 1988 2512 2049; x_wconf 86' lang='lat' dir='ltr'><strong>R.</strong></span> 
     </span>
     <span class='ocr_line' id='line_1_14' title="bbox 710 2087 3619 2164; baseline 0.001 -14"><span class='ocrx_word' id='word_1_145' title='bbox 710 2090 813 2152; x_wconf 82' lang='lat'><strong>25.</strong></span> <span class='ocrx_word' id='word_1_146' title='bbox 860 2109 971 2153; x_wconf 84' lang='lat' dir='ltr'><strong><em>nos</em></strong></span> <span class='ocrx_word' id='word_1_147' title='bbox 1006 2109 1134 2154; x_wconf 88' lang='lat' dir='ltr'><strong><em>om.</em></strong></span> <span class='ocrx_word' id='word_1_148' title='bbox 1166 2092 1289 2154; x_wconf 87' lang='lat' dir='ltr'><strong>FR.</strong></span> <span class='ocrx_word' id='word_1_149' title='bbox 1324 2124 1406 2138; x_wconf 90' lang='lat'>-</span> <span class='ocrx_word' id='word_1_150' title='bbox 1436 2091 1979 2154; x_wconf 84' lang='lat' dir='ltr'><strong><em>animaduertemus</em></strong></span> <span class='ocrx_word' id='word_1_151' title='bbox 2008 2091 2084 2163; x_wconf 88' lang='lat' dir='ltr'><strong><em>R,</em></strong></span> <span class='ocrx_word' id='word_1_152' title='bbox 2242 2088 2347 2150; x_wconf 84' lang='lat'><strong>26.</strong></span> <span class='ocrx_word' id='word_1_153' title='bbox 2395 2088 2765 2152; x_wconf 79' lang='lat' dir='ltr'><strong><em>hilaritatem</em></strong></span> <span class='ocrx_word' id='word_1_154' title='bbox 2817 2087 3144 2153; x_wconf 75' lang='lat' dir='ltr'><strong><em>debebimus</em></strong></span> <span class='ocrx_word' id='word_1_155' title='bbox 3202 2092 3250 2153; x_wconf 93' lang='lat' dir='ltr'><strong>B</strong></span> <span class='ocrx_word' id='word_1_156' title='bbox 3268 2135 3285 2164; x_wconf 93' lang='lat'>‚</span> <span class='ocrx_word' id='word_1_157' title='bbox 3351 2089 3619 2153; x_wconf 81' lang='lat' dir='ltr'><strong><em>debemus</em></strong></span> 
     </span>
     <span class='ocr_line' id='line_1_15' title="bbox 624 2168 3595 2257; baseline 0 -4"><span class='ocrx_word' id='word_1_158' title='bbox 624 2193 893 2255; x_wconf 85' lang='lat' dir='ltr'><strong><em>animum</em></strong></span> <span class='ocrx_word' id='word_1_159' title='bbox 921 2194 1459 2257; x_wconf 68' lang='lat' dir='ltr'><strong><em>animadvertimus</em></strong></span> <span class='ocrx_word' id='word_1_160' title='bbox 1501 2196 1572 2257; x_wconf 90' lang='lat' dir='ltr'><strong><em>T.</em></strong></span> <span class='ocrx_word' id='word_1_161' title='bbox 2156 2190 2526 2255; x_wconf 78' lang='lat' dir='ltr'><strong><em>hilaritatem</em></strong></span> <span class='ocrx_word' id='word_1_162' title='bbox 2573 2196 2647 2256; x_wconf 90' lang='lat' dir='ltr'><strong>R.</strong></span> <span class='ocrx_word' id='word_1_163' title='bbox 3571 2168 3595 2189; x_wconf 47' lang='lat' dir='ltr'><strong><em>l</em></strong></span> 
     </span>
    </p>
   </div>
   <div class='ocr_carea' id='block_1_4' title="bbox 621 2295 3618 2483">
    <p class='ocr_par' dir='ltr' id='par_1_7' title="bbox 621 2295 3618 2483">
     <span class='ocr_line' id='line_1_16' title="bbox 709 2295 3454 2382; baseline 0.001 -26"><span class='ocrx_word' id='word_1_164' title='bbox 709 2297 813 2357; x_wconf 90' lang='grc'><strong><em>26.</em></strong></span> <span class='ocrx_word' id='word_1_165' title='bbox 863 2296 933 2359; x_wconf 89' lang='lat' dir='ltr'><strong><em>Si</em></strong></span> <span class='ocrx_word' id='word_1_166' title='bbox 981 2297 1165 2359; x_wconf 86' lang='lat' dir='ltr'><strong><em>inerit</em></strong></span> <span class='ocrx_word' id='word_1_167' title='bbox 1207 2317 1402 2361; x_wconf 87' lang='lat' dir='ltr'><strong><em>sermo</em></strong></span> <span class='ocrx_word' id='word_1_168' title='bbox 1443 2316 1541 2382; x_wconf 84' lang='lat' dir='ltr'><strong><em>pr.</em></strong></span> <span class='ocrx_word' id='word_1_169' title='bbox 1568 2298 1647 2371; x_wconf 89' lang='lat' dir='ltr'><strong><em>P,</em></strong></span> <span class='ocrx_word' id='word_1_170' title='bbox 1690 2298 1769 2360; x_wconf 85' lang='lat' dir='ltr'><strong><em>Si</em></strong></span> <span class='ocrx_word' id='word_1_171' title='bbox 1800 2299 1919 2361; x_wconf 86' lang='lat' dir='ltr'><strong><em>erit</em></strong></span> <span class='ocrx_word' id='word_1_172' title='bbox 1957 2316 2082 2361; x_wconf 86' lang='lat' dir='ltr'><strong><em>ser-</em></strong></span> <span class='ocrx_word' id='word_1_173' title='bbox 2240 2297 2348 2358; x_wconf 89' lang='grc'><strong><em>27.</em></strong></span> <span class='ocrx_word' id='word_1_174' title='bbox 2398 2295 2513 2357; x_wconf 88' lang='lat' dir='ltr'><strong><em>Sin</em></strong></span> <span class='ocrx_word' id='word_1_175' title='bbox 2551 2295 2780 2359; x_wconf 86' lang='lat' dir='ltr'><strong>PART.</strong></span> <span class='ocrx_word' id='word_1_176' title='bbox 2814 2329 2898 2344; x_wconf 92' lang='lat'><em>-</em></span> <span class='ocrx_word' id='word_1_177' title='bbox 2942 2296 3347 2360; x_wconf 70' lang='lat' dir='ltr'><strong><em>contendimus</em></strong></span> <span class='ocrx_word' id='word_1_178' title='bbox 3380 2299 3454 2362; x_wconf 93' lang='lat' dir='ltr'><strong>R.</strong></span> 
     </span>
     <span class='ocr_line' id='line_1_17' title="bbox 621 2396 3618 2483; baseline 0.001 -22"><span class='ocrx_word' id='word_1_179' title='bbox 621 2416 720 2460; x_wconf 92' lang='lat' dir='ltr'><strong><em>mo</em></strong></span> <span class='ocrx_word' id='word_1_180' title='bbox 748 2402 825 2473; x_wconf 92' lang='lat' dir='ltr'><strong><em>B,</em></strong></span> <span class='ocrx_word' id='word_1_181' title='bbox 870 2401 984 2462; x_wconf 86' lang='lat' dir='ltr'><strong><em>Sin</em></strong></span> <span class='ocrx_word' id='word_1_182' title='bbox 1018 2419 1213 2463; x_wconf 86' lang='lat' dir='ltr'><strong><em>sermo</em></strong></span> <span class='ocrx_word' id='word_1_183' title='bbox 1257 2403 1373 2463; x_wconf 90' lang='lat' dir='ltr'><strong><em>erit</em></strong></span> <span class='ocrx_word' id='word_1_184' title='bbox 1410 2402 1485 2463; x_wconf 85' lang='lat' dir='ltr'><strong>R.</strong></span> <span class='ocrx_word' id='word_1_185' title='bbox 1549 2401 1689 2480; x_wconf 85' lang='lat' dir='ltr'><strong><em>(Sin</em></strong></span> <span class='ocrx_word' id='word_1_186' title='bbox 1730 2403 1843 2465; x_wconf 80' lang='lat' dir='ltr'><strong><em>erit</em></strong></span> <span class='ocrx_word' id='word_1_187' title='bbox 1887 2421 2080 2466; x_wconf 83' lang='lat' dir='ltr'><strong><em>sermo</em></strong></span> <span class='ocrx_word' id='word_1_188' title='bbox 2240 2399 2345 2460; x_wconf 87' lang='grc'><strong><em>29.</em></strong></span> <span class='ocrx_word' id='word_1_189' title='bbox 2393 2400 2493 2462; x_wconf 83' lang='lat' dir='ltr'><strong><em>sin</em></strong></span> <span class='ocrx_word' id='word_1_190' title='bbox 2549 2396 2860 2482; x_wconf 88' lang='lat' dir='ltr'><strong><em>contentio]</em></strong></span> <span class='ocrx_word' id='word_1_191' title='bbox 2925 2401 3022 2462; x_wconf 84' lang='lat' dir='ltr'><strong><em>sin</em></strong></span> <span class='ocrx_word' id='word_1_192' title='bbox 3065 2402 3432 2463; x_wconf 82' lang='lat' dir='ltr'><strong><em>continuatio</em></strong></span> <span class='ocrx_word' id='word_1_193' title='bbox 3484 2403 3618 2483; x_wconf 84' lang='lat' dir='ltr'><strong><em>(su-</em></strong></span> 
     </span>
    </p>
   </div>
   <div class='ocr_carea' id='block_1_5' title="bbox 522 2501 3616 3089">
    <p class='ocr_par' dir='ltr' id='par_1_8' title="bbox 522 2501 3616 3005">
     <span class='ocr_line' id='line_1_18' title="bbox 522 2501 3615 2586; baseline 0.002 -23"><span class='ocrx_word' id='word_1_194' title='bbox 522 2523 571 2560; x_wconf 53' lang='lat'><strong><em>³„</em></strong></span> <span class='ocrx_word' id='word_1_195' title='bbox 626 2520 791 2565; x_wconf 89' lang='lat' dir='ltr'><strong><em>corr.</em></strong></span> <span class='ocrx_word' id='word_1_196' title='bbox 830 2501 922 2584; x_wconf 86' lang='lat' dir='ltr'><strong><em>P.)</em></strong></span> <span class='ocrx_word' id='word_1_197' title='bbox 951 2537 1035 2549; x_wconf 96' lang='lat'>—</span> <span class='ocrx_word' id='word_1_198' title='bbox 1076 2505 1147 2565; x_wconf 88' lang='lat' dir='ltr'><strong><em>in</em></strong></span> <span class='ocrx_word' id='word_1_199' title='bbox 1189 2523 1318 2567; x_wconf 86' lang='lat' dir='ltr'><strong><em>om.</em></strong></span> <span class='ocrx_word' id='word_1_200' title='bbox 1363 2505 1437 2567; x_wconf 92' lang='lat' dir='ltr'><strong><em>T.</em></strong></span> <span class='ocrx_word' id='word_1_201' title='bbox 2157 2503 2507 2586; x_wconf 82' lang='lat' dir='ltr'><strong><em>perscripto</em></strong></span> <span class='ocrx_word' id='word_1_202' title='bbox 2546 2501 2860 2585; x_wconf 89' lang='lat' dir='ltr'><strong><em>contentio)</em></strong></span> <span class='ocrx_word' id='word_1_203' title='bbox 2905 2505 2984 2577; x_wconf 91' lang='lat' dir='ltr'><strong>P,</strong></span> <span class='ocrx_word' id='word_1_204' title='bbox 3032 2507 3323 2567; x_wconf 89' lang='lat' dir='ltr'><strong><em>contentio</em></strong></span> <span class='ocrx_word' id='word_1_205' title='bbox 3360 2507 3615 2570; x_wconf 73' lang='lat' dir='ltr'><strong><em>sin.—</em></strong></span> 
     </span>
     <span class='ocr_line' id='line_1_19' title="bbox 706 2605 3614 2690; baseline 0.001 -22"><span class='ocrx_word' id='word_1_206' title='bbox 706 2607 810 2668; x_wconf 89' lang='grc'><strong><em>27.</em></strong></span> <span class='ocrx_word' id='word_1_207' title='bbox 860 2605 1152 2668; x_wconf 90' lang='lat' dir='ltr'><strong><em>locatione</em></strong></span> <span class='ocrx_word' id='word_1_208' title='bbox 1188 2607 1258 2669; x_wconf 91' lang='lat' dir='ltr'><strong>P.</strong></span> <span class='ocrx_word' id='word_1_209' title='bbox 1292 2640 1376 2654; x_wconf 91' lang='lat'>—</span> <span class='ocrx_word' id='word_1_210' title='bbox 1420 2608 1628 2672; x_wconf 83' lang='lat' dir='ltr'><strong><em>leuiter</em></strong></span> <span class='ocrx_word' id='word_1_211' title='bbox 1669 2607 1841 2673; x_wconf 89' lang='lat' dir='ltr'><strong>PBT.</strong></span> <span class='ocrx_word' id='word_1_212' title='bbox 2153 2606 2633 2669; x_wconf 82' lang='lat' dir='ltr'><strong><em>distributionem</em></strong></span> <span class='ocrx_word' id='word_1_213' title='bbox 2703 2608 3163 2689; x_wconf 87' lang='lat' dir='ltr'><strong><em>porrectiorem.</em></strong></span> <span class='ocrx_word' id='word_1_214' title='bbox 3231 2628 3352 2690; x_wconf 85' lang='lat' dir='ltr'><strong><em>pro</em></strong></span> <span class='ocrx_word' id='word_1_215' title='bbox 3436 2611 3614 2672; x_wconf 86' lang='lat' dir='ltr'><strong><em>celeri</em></strong></span> 
     </span>
     <span class='ocr_line' id='line_1_20' title="bbox 709 2708 3616 2799; baseline 0.002 -28"><span class='ocrx_word' id='word_1_216' title='bbox 709 2711 814 2772; x_wconf 86' lang='lat'><strong>28.</strong></span> <span class='ocrx_word' id='word_1_217' title='bbox 860 2711 1085 2773; x_wconf 89' lang='lat' dir='ltr'><strong><em>nimiae</em></strong></span> <span class='ocrx_word' id='word_1_218' title='bbox 1119 2710 1396 2775; x_wconf 85' lang='lat' dir='ltr'><strong>PAFRT.</strong></span> <span class='ocrx_word' id='word_1_219' title='bbox 1432 2747 1510 2762; x_wconf 90' lang='lat'><strong>—</strong></span> <span class='ocrx_word' id='word_1_220' title='bbox 1556 2714 1764 2777; x_wconf 86' lang='lat' dir='ltr'><strong><em>leniter</em></strong></span> <span class='ocrx_word' id='word_1_221' title='bbox 1798 2713 2073 2777; x_wconf 87' lang='lat' dir='ltr'><strong>PBFRT.</strong></span> <span class='ocrx_word' id='word_1_222' title='bbox 2154 2708 2399 2771; x_wconf 80' lang='lat' dir='ltr'><strong><em>brachio</em></strong></span> <span class='ocrx_word' id='word_1_223' title='bbox 2418 2728 2514 2794; x_wconf 89' lang='lat' dir='ltr'><strong><em>pr.</em></strong></span> <span class='ocrx_word' id='word_1_224' title='bbox 2544 2710 2614 2785; x_wconf 88' lang='lat' dir='ltr'><strong>P,</strong></span> <span class='ocrx_word' id='word_1_225' title='bbox 2643 2710 3117 2774; x_wconf 84' lang='lat' dir='ltr'><strong><em>distributionem</em></strong></span> <span class='ocrx_word' id='word_1_226' title='bbox 3128 2714 3506 2799; x_wconf 86' lang='lat' dir='ltr'><strong><em>porrectione</em></strong></span> <span class='ocrx_word' id='word_1_227' title='bbox 3524 2733 3616 2777; x_wconf 86' lang='lat' dir='ltr'><strong><em>ce-</em></strong></span> 
     </span>
     <span class='ocr_line' id='line_1_21' title="bbox 622 2809 3616 2895; baseline 0.002 -21"><span class='ocrx_word' id='word_1_228' title='bbox 622 2846 704 2857; x_wconf 92' lang='lat'><strong><em>—-</em></strong></span> <span class='ocrx_word' id='word_1_229' title='bbox 749 2809 810 2895; x_wconf 88' lang='lat' dir='ltr'><strong><em>a]</em></strong></span> <span class='ocrx_word' id='word_1_230' title='bbox 857 2813 931 2874; x_wconf 89' lang='lat' dir='ltr'><strong><em>ab</em></strong></span> <span class='ocrx_word' id='word_1_231' title='bbox 972 2814 1191 2877; x_wconf 79' lang='lat' dir='ltr'><strong>PAFT.</strong></span> <span class='ocrx_word' id='word_1_232' title='bbox 2154 2813 2268 2875; x_wconf 83' lang='lat' dir='ltr'><strong><em>leri</em></strong></span> <span class='ocrx_word' id='word_1_233' title='bbox 2317 2812 2551 2876; x_wconf 80' lang='lat' dir='ltr'><strong><em>brachii</em></strong></span> <span class='ocrx_word' id='word_1_234' title='bbox 2598 2815 2753 2879; x_wconf 89' lang='lat' dir='ltr'><strong>BRT</strong></span> <span class='ocrx_word' id='word_1_235' title='bbox 2787 2821 2851 2879; x_wconf 83' lang='lat' dir='ltr'><strong><em>et</em></strong></span> <span class='ocrx_word' id='word_1_236' title='bbox 2896 2833 3060 2878; x_wconf 87' lang='lat' dir='ltr'><strong><em>corr.</em></strong></span> <span class='ocrx_word' id='word_1_237' title='bbox 3108 2816 3187 2887; x_wconf 88' lang='lat' dir='ltr'><strong>P,</strong></span> <span class='ocrx_word' id='word_1_238' title='bbox 3243 2816 3616 2879; x_wconf 82' lang='lat' dir='ltr'><strong><em>distributio-</em></strong></span> 
     </span>
     <span class='ocr_line' id='line_1_22' title="bbox 706 2917 3613 3005; baseline 0.002 -27"><span class='ocrx_word' id='word_1_239' title='bbox 706 2917 812 2979; x_wconf 89' lang='grc'><strong><em>29.</em></strong></span> <span class='ocrx_word' id='word_1_240' title='bbox 862 2918 1021 2980; x_wconf 83' lang='lat' dir='ltr'><strong><em>serio</em></strong></span> <span class='ocrx_word' id='word_1_241' title='bbox 1052 2939 1255 2983; x_wconf 86' lang='lat' dir='ltr'><strong><em>uocem</em></strong></span> <span class='ocrx_word' id='word_1_242' title='bbox 1276 2928 1550 3005; x_wconf 84' lang='lat' dir='ltr'><strong><em>torquere</em></strong></span> <span class='ocrx_word' id='word_1_243' title='bbox 1571 2922 1645 2987; x_wconf 89' lang='lat' dir='ltr'><strong><em>T.</em></strong></span> <span class='ocrx_word' id='word_1_244' title='bbox 1678 2953 1761 2970; x_wconf 89' lang='lat'>—</span> <span class='ocrx_word' id='word_1_245' title='bbox 1789 2920 1983 2986; x_wconf 84' lang='lat' dir='ltr'><strong><em>locum</em></strong></span> <span class='ocrx_word' id='word_1_246' title='bbox 2003 2922 2073 2987; x_wconf 87' lang='lat' dir='ltr'><strong>P.</strong></span> <span class='ocrx_word' id='word_1_247' title='bbox 2151 2936 2285 2981; x_wconf 85' lang='lat' dir='ltr'><strong><em>nem</em></strong></span> <span class='ocrx_word' id='word_1_248' title='bbox 2335 2919 2714 3000; x_wconf 83' lang='lat' dir='ltr'><strong><em>porrectione</em></strong></span> <span class='ocrx_word' id='word_1_249' title='bbox 2772 2919 2981 2984; x_wconf 87' lang='lat' dir='ltr'><strong><em>celeris</em></strong></span> <span class='ocrx_word' id='word_1_250' title='bbox 3018 2919 3251 2984; x_wconf 69' lang='lat' dir='ltr'><strong><em>brachii</em></strong></span> <span class='ocrx_word' id='word_1_251' title='bbox 3292 2920 3363 2984; x_wconf 90' lang='lat' dir='ltr'><strong>F.</strong></span> <span class='ocrx_word' id='word_1_252' title='bbox 3431 2922 3525 2985; x_wconf 83' lang='lat' dir='ltr'><strong><em>De</em></strong></span> <span class='ocrx_word' id='word_1_253' title='bbox 3560 2918 3613 2983; x_wconf 79' lang='lat' dir='ltr'>A</span> 
     </span>
    </p>

    <p class='ocr_par' dir='ltr' id='par_1_9' title="bbox 627 3023 3351 3089">
     <span class='ocr_line' id='line_1_23' title="bbox 627 3023 3351 3089; baseline 0.001 -6"><span class='ocrx_word' id='word_1_254' title='bbox 627 3053 707 3070; x_wconf 89' lang='lat'>—</span> <span class='ocrx_word' id='word_1_255' title='bbox 749 3040 949 3084; x_wconf 88' lang='lat' dir='ltr'><strong><em>vocem</em></strong></span> <span class='ocrx_word' id='word_1_256' title='bbox 991 3040 1119 3086; x_wconf 91' lang='lat' dir='ltr'><strong><em>om.</em></strong></span> <span class='ocrx_word' id='word_1_257' title='bbox 1149 3025 1221 3089; x_wconf 89' lang='lat' dir='ltr'><strong><em>T.</em></strong></span> <span class='ocrx_word' id='word_1_258' title='bbox 2154 3023 2397 3086; x_wconf 77' lang='lat' dir='ltr'><strong><em>siletur.</em></strong></span> <span class='ocrx_word' id='word_1_259' title='bbox 3344 3043 3351 3049; x_wconf 91' lang='lat'><strong>·</strong></span> 
     </span>
    </p>
   </div>
   <div class='ocr_carea' id='block_1_6' title="bbox 2154 3146 3615 3438">
    <p class='ocr_par' dir='ltr' id='par_1_10' title="bbox 2154 3146 3615 3438">
     <span class='ocr_line' id='line_1_24' title="bbox 2239 3146 3610 3230; baseline 0.001 -20"><span class='ocrx_word' id='word_1_260' title='bbox 2239 3147 2344 3210; x_wconf 87' lang='grc'><strong>30.</strong></span> <span class='ocrx_word' id='word_1_261' title='bbox 2392 3146 2629 3210; x_wconf 80' lang='lat' dir='ltr'><strong><em>deaeteri</em></strong></span> <span class='ocrx_word' id='word_1_262' title='bbox 2649 3148 2719 3213; x_wconf 92' lang='lat' dir='ltr'><strong><em>T.</em></strong></span> <span class='ocrx_word' id='word_1_263' title='bbox 2736 3182 2817 3195; x_wconf 94' lang='lat'><strong><em>—-</em></strong></span> <span class='ocrx_word' id='word_1_264' title='bbox 2840 3146 3262 3230; x_wconf 83' lang='lat' dir='ltr'><strong><em>supplausione</em></strong></span> <span class='ocrx_word' id='word_1_265' title='bbox 3283 3147 3610 3213; x_wconf 81' lang='lat' dir='ltr'><strong>PABFRT.</strong></span> 
     </span>
     <span class='ocr_line' id='line_1_25' title="bbox 2238 3251 3604 3335; baseline 0.001 -22"><span class='ocrx_word' id='word_1_266' title='bbox 2238 3251 2343 3314; x_wconf 86' lang='lat'><strong>31.</strong></span> <span class='ocrx_word' id='word_1_267' title='bbox 2392 3260 2657 3333; x_wconf 84' lang='lat' dir='ltr'><strong><em>respectu</em></strong></span> <span class='ocrx_word' id='word_1_268' title='bbox 2698 3253 2870 3316; x_wconf 84' lang='lat' dir='ltr'><strong>PAF.</strong></span> <span class='ocrx_word' id='word_1_269' title='bbox 2920 3286 3000 3298; x_wconf 95' lang='lat'><strong>—</strong></span> <span class='ocrx_word' id='word_1_270' title='bbox 3057 3261 3284 3335; x_wconf 84' lang='lat' dir='ltr'><strong><em>oportet</em></strong></span> <span class='ocrx_word' id='word_1_271' title='bbox 3314 3252 3484 3317; x_wconf 90' lang='lat' dir='ltr'><strong>PBR.</strong></span> <span class='ocrx_word' id='word_1_272' title='bbox 3530 3287 3604 3300; x_wconf 89' lang='lat'><em>-</em></span> 
     </span>
     <span class='ocr_line' id='line_1_26' title="bbox 2154 3354 3615 3438; baseline 0.003 -22"><span class='ocrx_word' id='word_1_273' title='bbox 2154 3354 2226 3416; x_wconf 89' lang='lat' dir='ltr'><strong><em>Si</em></strong></span> <span class='ocrx_word' id='word_1_274' title='bbox 2252 3363 2491 3418; x_wconf 83' lang='lat' dir='ltr'><strong><em>utemur</em></strong></span> <span class='ocrx_word' id='word_1_275' title='bbox 2517 3388 2549 3400; x_wconf 96' lang='lat'>-</span> <span class='ocrx_word' id='word_1_276' title='bbox 2575 3389 2603 3402; x_wconf 94' lang='lat'>-</span> <span class='ocrx_word' id='word_1_277' title='bbox 2622 3375 2738 3438; x_wconf 89' lang='lat' dir='ltr'><strong><em>per</em></strong></span> <span class='ocrx_word' id='word_1_278' title='bbox 2766 3358 3271 3421; x_wconf 85' lang='lat' dir='ltr'><strong><em>continuationem</em></strong></span> <span class='ocrx_word' id='word_1_279' title='bbox 3309 3376 3438 3421; x_wconf 89' lang='lat' dir='ltr'><strong><em>om.</em></strong></span> <span class='ocrx_word' id='word_1_280' title='bbox 3469 3358 3517 3420; x_wconf 88' lang='lat' dir='ltr'><strong>F</strong></span> <span class='ocrx_word' id='word_1_281' title='bbox 3551 3362 3615 3420; x_wconf 84' lang='lat' dir='ltr'><strong><em>et</em></strong></span> 
     </span>
    </p>
   </div>
   <div class='ocr_carea' id='block_1_7' title="bbox 615 3455 3614 3681">
    <p class='ocr_par' dir='ltr' id='par_1_11' title="bbox 615 3455 3614 3681">
     <span class='ocr_line' id='line_1_27' title="bbox 706 3455 3572 3581; baseline -0.002 -26"><span class='ocrx_word' id='word_1_282' title='bbox 706 3494 769 3556; x_wconf 81' lang='lat'><strong>3.</strong></span> <span class='ocrx_word' id='word_1_283' title='bbox 819 3513 953 3557; x_wconf 85' lang='lat' dir='ltr'><strong><em>cum</em></strong></span> <span class='ocrx_word' id='word_1_284' title='bbox 991 3493 1271 3581; x_wconf 84' lang='lat' dir='ltr'><strong><em>clamore]</em></strong></span> <span class='ocrx_word' id='word_1_285' title='bbox 1314 3501 1688 3566; x_wconf 87' lang='lat' dir='ltr'><strong><em>conclamare</em></strong></span> <span class='ocrx_word' id='word_1_286' title='bbox 1706 3505 1779 3566; x_wconf 92' lang='lat' dir='ltr'><strong>B.</strong></span> <span class='ocrx_word' id='word_1_287' title='bbox 1812 3533 1897 3549; x_wconf 93' lang='lat'><em>-</em></span> <span class='ocrx_word' id='word_1_288' title='bbox 1938 3519 2079 3565; x_wconf 81' lang='lat' dir='ltr'><strong><em>con-</em></strong></span> <span class='ocrx_word' id='word_1_289' title='bbox 2153 3478 2249 3545; x_wconf 64' lang='lat' dir='ltr'><strong><em>pr‘</em></strong></span> <span class='ocrx_word' id='word_1_290' title='bbox 2284 3457 2357 3523; x_wconf 69' lang='lat' dir='ltr'><strong><em>A·</em></strong></span> <span class='ocrx_word' id='word_1_291' title='bbox 2390 3493 2474 3576; x_wconf 72' lang='grc'><strong>““,“</strong></span> <span class='ocrx_word' id='word_1_292' title='bbox 2518 3455 2611 3542; x_wconf 55' lang='lat' dir='ltr'><strong><em>Si]</em></strong></span> <span class='ocrx_word' id='word_1_293' title='bbox 2659 3461 3035 3578; x_wconf 47' lang='lat' dir='ltr'><strong><em>Si”‚P¹}I}T·</em></strong></span> <span class='ocrx_word' id='word_1_294' title='bbox 3271 3568 3284 3581; x_wconf 44' lang='lat'><strong>·</strong></span> <span class='ocrx_word' id='word_1_295' title='bbox 3357 3566 3369 3579; x_wconf 32' lang='grc' dir='ltr'>ι</span> <span class='ocrx_word' id='word_1_296' title='bbox 3404 3566 3416 3581; x_wconf 46' lang='lat'><strong>·</strong></span> <span class='ocrx_word' id='word_1_297' title='bbox 3558 3565 3572 3580; x_wconf 40' lang='lat'>⁸</span> 
     </span>
     <span class='ocr_line' id='line_1_28' title="bbox 615 3559 3614 3681; baseline -0.005 -37"><span class='ocrx_word' id='word_1_298' title='bbox 615 3591 812 3679; x_wconf 58' lang='lat' dir='ltr'><strong><em>ficere]</em></strong></span> <span class='ocrx_word' id='word_1_299' title='bbox 861 3601 1191 3681; x_wconf 57' lang='lat' dir='ltr'><strong><em>confiwere</em></strong></span> <span class='ocrx_word' id='word_1_300' title='bbox 1232 3603 1304 3665; x_wconf 51' lang='lat' dir='ltr'><strong><em>B·</em></strong></span> <span class='ocrx_word' id='word_1_301' title='bbox 2238 3564 2343 3626; x_wconf 87' lang='lat'><strong>32.</strong></span> <span class='ocrx_word' id='word_1_302' title='bbox 2392 3559 2708 3646; x_wconf 72' lang='lat' dir='ltr'><strong><em>similibus]</em></strong></span> <span class='ocrx_word' id='word_1_303' title='bbox 2756 3566 3017 3628; x_wconf 74' lang='lat' dir='ltr'><strong><em>similius</em></strong></span> <span class='ocrx_word' id='word_1_304' title='bbox 3055 3565 3181 3639; x_wconf 87' lang='lat' dir='ltr'><strong>PR,</strong></span> <span class='ocrx_word' id='word_1_305' title='bbox 3225 3567 3510 3630; x_wconf 73' lang='lat' dir='ltr'><strong><em>similiter</em></strong></span> <span class='ocrx_word' id='word_1_306' title='bbox 3546 3581 3614 3629; x_wconf 76' lang='lat' dir='ltr'><strong><em>in</em></strong></span> 
     </span>
    </p>
   </div>
   <div class='ocr_carea' id='block_1_8' title="bbox 619 3667 3610 3870">
    <p class='ocr_par' dir='ltr' id='par_1_12' title="bbox 619 3667 3610 3870">
     <span class='ocr_line' id='line_1_29' title="bbox 704 3667 3581 3792; baseline -0.009 -37"><span class='ocrx_word' id='word_1_307' title='bbox 704 3701 768 3762; x_wconf 73' lang='grc'><strong><em>4,</em></strong></span> <span class='ocrx_word' id='word_1_308' title='bbox 817 3701 1232 3769; x_wconf 55' lang='lat' dir='ltr'><strong><em>distributim„</em></strong></span> <span class='ocrx_word' id='word_1_309' title='bbox 1274 3726 1477 3771; x_wconf 59' lang='lat' dir='ltr'><strong><em>uocem</em></strong></span> <span class='ocrx_word' id='word_1_310' title='bbox 1518 3709 1593 3772; x_wconf 69' lang='lat' dir='ltr'><strong><em>ab</em></strong></span> <span class='ocrx_word' id='word_1_311' title='bbox 1632 3709 1775 3773; x_wconf 51' lang='lat' dir='ltr'><strong><em>imis</em></strong></span> <span class='ocrx_word' id='word_1_312' title='bbox 1801 3709 2085 3792; x_wconf 57' lang='lat' dir='ltr'><strong><em>saucibus.</em></strong></span> <span class='ocrx_word' id='word_1_313' title='bbox 2153 3684 2318 3729; x_wconf 87' lang='lat' dir='ltr'><strong><em>corr.</em></strong></span> <span class='ocrx_word' id='word_1_314' title='bbox 2351 3667 2424 3730; x_wconf 77' lang='lat' dir='ltr'><strong>A.</strong></span> <span class='ocrx_word' id='word_1_315' title='bbox 2455 3701 2536 3784; x_wconf 66' lang='lat'><strong>-.</strong></span> <span class='ocrx_word' id='word_1_316' title='bbox 2579 3669 2788 3785; x_wconf 78' lang='lat' dir='ltr'><strong><em>ceteris</em></strong></span> <span class='ocrx_word' id='word_1_317' title='bbox 2822 3688 3049 3784; x_wconf 60' lang='lat' dir='ltr'><strong><em>quoque</em></strong></span> <span class='ocrx_word' id='word_1_318' title='bbox 3083 3670 3255 3732; x_wconf 84' lang='lat' dir='ltr'><strong><em>rebus</em></strong></span> <span class='ocrx_word' id='word_1_319' title='bbox 3293 3673 3368 3734; x_wconf 86' lang='lat' dir='ltr'><strong>R.</strong></span> <span class='ocrx_word' id='word_1_320' title='bbox 3568 3774 3581 3791; x_wconf 40' lang='grc' dir='ltr'><strong><em>ο</em></strong></span> 
     </span>
     <span class='ocr_line' id='line_1_30' title="bbox 619 3766 3610 3870; baseline -0.013 -2"><span class='ocrx_word' id='word_1_321' title='bbox 619 3804 894 3870; x_wconf 84' lang='lat' dir='ltr'><strong>PBFRT.</strong></span> <span class='ocrx_word' id='word_1_322' title='bbox 2236 3770 2341 3834; x_wconf 62' lang='lat'><strong><em>34·</em></strong></span> <span class='ocrx_word' id='word_1_323' title='bbox 2385 3766 2650 3853; x_wconf 74' lang='lat' dir='ltr'><strong><em>sommis]</em></strong></span> <span class='ocrx_word' id='word_1_324' title='bbox 2693 3771 2946 3851; x_wconf 67' lang='lat' dir='ltr'><strong><em>feminco</em></strong></span> <span class='ocrx_word' id='word_1_325' title='bbox 2984 3773 3264 3836; x_wconf 84' lang='lat' dir='ltr'><strong>ABFRT.</strong></span> <span class='ocrx_word' id='word_1_326' title='bbox 3317 3817 3397 3827; x_wconf 90' lang='lat'><strong>—</strong></span> <span class='ocrx_word' id='word_1_327' title='bbox 3443 3794 3610 3857; x_wconf 72' lang='lat' dir='ltr'><strong><em>capt-</em></strong></span> 
     </span>
    </p>
   </div>
   <div class='ocr_carea' id='block_1_9' title="bbox 623 3180 2072 3471">
    <p class='ocr_par' dir='ltr' id='par_1_13' title="bbox 623 3180 2072 3471">
     <span class='ocr_line' id='line_1_31' title="bbox 708 3180 1793 3272; baseline 0.009 -29"><span class='ocrx_word' id='word_1_328' title='bbox 708 3180 856 3267; x_wconf 70' lang='lat' dir='ltr'><strong>Peg.</strong></span> <span class='ocrx_word' id='word_1_329' title='bbox 893 3184 1001 3247; x_wconf 88' lang='lat'><strong>52.</strong></span> <span class='ocrx_word' id='word_1_330' title='bbox 1048 3204 1111 3248; x_wconf 81' lang='lat' dir='ltr'><strong>v.</strong></span> <span class='ocrx_word' id='word_1_331' title='bbox 1151 3189 1210 3250; x_wconf 88' lang='grc'><strong><em>1.</em></strong></span> <span class='ocrx_word' id='word_1_332' title='bbox 1301 3184 1406 3272; x_wconf 83' lang='lat' dir='ltr'><strong><em>est]</em></strong></span> <span class='ocrx_word' id='word_1_333' title='bbox 1454 3188 1533 3252; x_wconf 83' lang='lat' dir='ltr'><strong><em>sit</em></strong></span> <span class='ocrx_word' id='word_1_334' title='bbox 1569 3187 1793 3256; x_wconf 86' lang='lat' dir='ltr'><strong>PFRT.</strong></span> 
     </span>
     <span class='ocr_line' id='line_1_32' title="bbox 706 3282 2072 3376; baseline 0.006 -29"><span class='ocrx_word' id='word_1_335' title='bbox 706 3286 767 3347; x_wconf 88' lang='lat'><strong>2.</strong></span> <span class='ocrx_word' id='word_1_336' title='bbox 811 3282 1078 3370; x_wconf 75' lang='lat' dir='ltr'><strong><em>iunqere]</em></strong></span> <span class='ocrx_word' id='word_1_337' title='bbox 1145 3309 1362 3373; x_wconf 63' lang='lat' dir='ltr'><strong><em>auom</em></strong></span> <span class='ocrx_word' id='word_1_338' title='bbox 1418 3296 1542 3358; x_wconf 90' lang='lat' dir='ltr'><strong><em>BT.</em></strong></span> <span class='ocrx_word' id='word_1_339' title='bbox 1609 3329 1692 3341; x_wconf 92' lang='lat'>—</span> <span class='ocrx_word' id='word_1_340' title='bbox 1764 3292 2072 3376; x_wconf 87' lang='lat' dir='ltr'><strong><em>oportebit.</em></strong></span> 
     </span>
     <span class='ocr_line' id='line_1_33' title="bbox 623 3395 1092 3471; baseline 0.009 -19"><span class='ocrx_word' id='word_1_341' title='bbox 623 3397 977 3471; x_wconf 76' lang='lat' dir='ltr'><strong><em>extorquere</em></strong></span> <span class='ocrx_word' id='word_1_342' title='bbox 1020 3395 1092 3456; x_wconf 91' lang='lat' dir='ltr'><strong><em>T.</em></strong></span> 
     </span>
    </p>
   </div>
   <div class='ocr_carea' id='block_1_10' title="bbox 620 3918 2073 4221">
    <p class='ocr_par' dir='ltr' id='par_1_14' title="bbox 620 3918 2073 4221">
     <span class='ocr_line' id='line_1_34' title="bbox 704 3918 2072 4006; baseline 0.008 -25"><span class='ocrx_word' id='word_1_343' title='bbox 704 3918 767 3982; x_wconf 88' lang='lat'><strong>5.</strong></span> <span class='ocrx_word' id='word_1_344' title='bbox 803 3919 1237 3986; x_wconf 73' lang='lat' dir='ltr'><strong><em>exclamatione</em></strong></span> <span class='ocrx_word' id='word_1_345' title='bbox 1251 3943 1431 4006; x_wconf 85' lang='lat' dir='ltr'><strong><em>quam</em></strong></span> <span class='ocrx_word' id='word_1_346' title='bbox 1440 3926 1787 3989; x_wconf 80' lang='lat' dir='ltr'><strong><em>clarissima</em></strong></span> <span class='ocrx_word' id='word_1_347' title='bbox 1799 3926 2072 3992; x_wconf 85' lang='lat' dir='ltr'><strong>PABFT.</strong></span> 
     </span>
     <span class='ocr_line' id='line_1_35' title="bbox 703 4032 2073 4122; baseline 0.006 -28"><span class='ocrx_word' id='word_1_348' title='bbox 703 4032 767 4094; x_wconf 83' lang='lat'><strong>6.</strong></span> <span class='ocrx_word' id='word_1_349' title='bbox 802 4052 920 4114; x_wconf 92' lang='lat' dir='ltr'><strong><em>per</em></strong></span> <span class='ocrx_word' id='word_1_350' title='bbox 946 4036 1220 4116; x_wconf 74' lang='lat' dir='ltr'><strong><em>sinqulas</em></strong></span> <span class='ocrx_word' id='word_1_351' title='bbox 1238 4069 1271 4083; x_wconf 91' lang='lat'>-</span> <span class='ocrx_word' id='word_1_352' title='bbox 1288 4070 1319 4084; x_wconf 90' lang='lat'>-</span> <span class='ocrx_word' id='word_1_353' title='bbox 1337 4070 1369 4085; x_wconf 93' lang='lat'>-</span> <span class='ocrx_word' id='word_1_354' title='bbox 1395 4039 1716 4103; x_wconf 74' lang='lat' dir='ltr'><strong><em>intervalla</em></strong></span> <span class='ocrx_word' id='word_1_355' title='bbox 1742 4040 1927 4122; x_wconf 85' lang='lat' dir='ltr'><strong><em>spatii</em></strong></span> <span class='ocrx_word' id='word_1_356' title='bbox 1948 4057 2073 4103; x_wconf 88' lang='lat' dir='ltr'><strong><em>om.</em></strong></span> 
     </span>
     <span class='ocr_line' id='line_1_36' title="bbox 620 4132 1664 4221; baseline 0.011 -26"><span class='ocrx_word' id='word_1_357' title='bbox 620 4132 690 4196; x_wconf 86' lang='lat' dir='ltr'><strong>F.</strong></span> <span class='ocrx_word' id='word_1_358' title='bbox 728 4176 805 4190; x_wconf 88' lang='lat'>-</span> <span class='ocrx_word' id='word_1_359' title='bbox 848 4135 935 4221; x_wconf 91' lang='lat' dir='ltr'><strong><em>in]</em></strong></span> <span class='ocrx_word' id='word_1_360' title='bbox 980 4140 1139 4202; x_wconf 88' lang='lat' dir='ltr'><strong><em>inter</em></strong></span> <span class='ocrx_word' id='word_1_361' title='bbox 1171 4143 1275 4206; x_wconf 77' lang='grc' dir='ltr'><strong><em>ΒΤ</em></strong></span> <span class='ocrx_word' id='word_1_362' title='bbox 1303 4150 1367 4204; x_wconf 83' lang='lat' dir='ltr'><strong><em>et</em></strong></span> <span class='ocrx_word' id='word_1_363' title='bbox 1395 4160 1561 4206; x_wconf 87' lang='lat' dir='ltr'><strong><em>corr.</em></strong></span> <span class='ocrx_word' id='word_1_364' title='bbox 1594 4145 1664 4208; x_wconf 94' lang='lat' dir='ltr'><strong><em>P.</em></strong></span> 
     </span>
    </p>
   </div>
   <div class='ocr_carea' id='block_1_11' title="bbox 2149 3975 3607 4163">
    <p class='ocr_par' dir='ltr' id='par_1_15' title="bbox 2149 3975 3607 4163">
     <span class='ocr_line' id='line_1_37' title="bbox 2234 3975 3607 4064; baseline 0.005 -25"><span class='ocrx_word' id='word_1_365' title='bbox 2234 3977 2382 4059; x_wconf 85' lang='lat' dir='ltr'><strong>Pag.</strong></span> <span class='ocrx_word' id='word_1_366' title='bbox 2419 3979 2523 4042; x_wconf 87' lang='grc'><strong>53.</strong></span> <span class='ocrx_word' id='word_1_367' title='bbox 2567 3998 2634 4042; x_wconf 75' lang='lat' dir='ltr'><strong>v.</strong></span> <span class='ocrx_word' id='word_1_368' title='bbox 2675 3982 2733 4043; x_wconf 92' lang='lat'><strong>1.</strong></span> <span class='ocrx_word' id='word_1_369' title='bbox 2824 3975 2898 4064; x_wconf 88' lang='lat' dir='ltr'><strong><em>et]</em></strong></span> <span class='ocrx_word' id='word_1_370' title='bbox 2946 3979 3046 4044; x_wconf 84' lang='lat' dir='ltr'><strong><em>sed</em></strong></span> <span class='ocrx_word' id='word_1_371' title='bbox 3081 4000 3244 4045; x_wconf 88' lang='lat' dir='ltr'><strong><em>corr.</em></strong></span> <span class='ocrx_word' id='word_1_372' title='bbox 3278 3981 3349 4045; x_wconf 93' lang='lat' dir='ltr'><strong><em>P.</em></strong></span> <span class='ocrx_word' id='word_1_373' title='bbox 3385 4015 3466 4028; x_wconf 87' lang='lat'><strong><em>-—-</em></strong></span> <span class='ocrx_word' id='word_1_374' title='bbox 3510 4002 3607 4064; x_wconf 75' lang='lat' dir='ltr'><strong><em>ye-</em></strong></span> 
     </span>
     <span class='ocr_line' id='line_1_38' title="bbox 2149 4077 2655 4163; baseline 0.008 -22"><span class='ocrx_word' id='word_1_375' title='bbox 2149 4077 2267 4163; x_wconf 86' lang='lat' dir='ltr'><strong><em>stu]</em></strong></span> <span class='ocrx_word' id='word_1_376' title='bbox 2319 4083 2539 4163; x_wconf 76' lang='lat' dir='ltr'><strong><em>qemitu</em></strong></span> <span class='ocrx_word' id='word_1_377' title='bbox 2583 4083 2655 4145; x_wconf 90' lang='lat' dir='ltr'><strong><em>T.</em></strong></span> 
     </span>
    </p>
   </div>
   <div class='ocr_carea' id='block_1_12' title="bbox 704 4184 3600 4356">
    <p class='ocr_par' dir='ltr' id='par_1_16' title="bbox 704 4184 3600 4356">
     <span class='ocr_line' id='line_1_39' title="bbox 829 4184 3600 4275; baseline 0.001 -23"><span class='ocrx_word' id='word_1_378' title='bbox 829 4252 840 4263; x_wconf 82' lang='grc'><em>,</em></span> <span class='ocrx_word' id='word_1_379' title='bbox 1791 4258 1804 4271; x_wconf 44' lang='grc'><strong>.</strong></span> <span class='ocrx_word' id='word_1_380' title='bbox 1952 4258 1966 4272; x_wconf 41' lang='lat'><em>⁰</em></span> <span class='ocrx_word' id='word_1_381' title='bbox 2234 4186 2297 4246; x_wconf 90' lang='grc'><strong><em>2.</em></strong></span> <span class='ocrx_word' id='word_1_382' title='bbox 2348 4186 2776 4265; x_wconf 81' lang='lat' dir='ltr'><strong><em>susceperimus</em></strong></span> <span class='ocrx_word' id='word_1_383' title='bbox 2819 4189 2891 4250; x_wconf 90' lang='lat' dir='ltr'><strong><em>T.</em></strong></span> <span class='ocrx_word' id='word_1_384' title='bbox 2944 4221 3026 4235; x_wconf 89' lang='lat'><strong>—</strong></span> <span class='ocrx_word' id='word_1_385' title='bbox 3069 4184 3195 4272; x_wconf 83' lang='lat' dir='ltr'><strong><em>qui]</em></strong></span> <span class='ocrx_word' id='word_1_386' title='bbox 3243 4208 3358 4272; x_wconf 85' lang='lat' dir='ltr'><strong><em>quo</em></strong></span> <span class='ocrx_word' id='word_1_387' title='bbox 3399 4207 3498 4275; x_wconf 87' lang='lat' dir='ltr'><strong><em>pr.</em></strong></span> <span class='ocrx_word' id='word_1_388' title='bbox 3529 4188 3600 4254; x_wconf 89' lang='lat' dir='ltr'><strong><em>P.</em></strong></span> 
     </span>
     <span class='ocr_line' id='line_1_40' title="bbox 704 4250 3600 4356; baseline 0 0"><span class='ocrx_word' id='word_1_389' title='bbox 704 4250 767 4312; x_wconf 92' lang='lat'><strong><em>⁷·</em></strong></span> <span class='ocrx_word' id='word_1_390' title='bbox 814 4250 1080 4314; x_wconf 55' lang='lat' dir='ltr'><strong><em>‘mm</em></strong></span> <span class='ocrx_word' id='word_1_391' title='bbox 1105 4254 1153 4316; x_wconf 77' lang='lat' dir='ltr'><strong>F</strong></span> <span class='ocrx_word' id='word_1_392' title='bbox 1187 4261 1251 4317; x_wconf 68' lang='lat'><strong><em>‘³‘</em></strong></span> <span class='ocrx_word' id='word_1_393' title='bbox 1280 4255 2075 4352; x_wconf 69' lang='lat' dir='ltr'><strong><em>P‘·¹&#39;··-;⁰m1&#39;¹²fi⁶⁰‘²⁰”⁶</em></strong></span> <span class='ocrx_word' id='word_1_394' title='bbox 2232 4289 2296 4351; x_wconf 79' lang='grc'><strong><em>3.</em></strong></span> <span class='ocrx_word' id='word_1_395' title='bbox 2343 4289 2545 4350; x_wconf 66' lang='lat' dir='ltr'><strong><em>uerbis</em></strong></span> <span class='ocrx_word' id='word_1_396' title='bbox 2570 4299 2623 4352; x_wconf 74' lang='lat' dir='ltr'><strong><em>ec</em></strong></span> <span class='ocrx_word' id='word_1_397' title='bbox 2652 4291 2889 4354; x_wconf 62' lang='lat' dir='ltr'><strong><em>imitari</em></strong></span> <span class='ocrx_word' id='word_1_398' title='bbox 2916 4290 3189 4356; x_wconf 76' lang='lat' dir='ltr'><strong>PBFnT.</strong></span> <span class='ocrx_word' id='word_1_399' title='bbox 3224 4327 3308 4340; x_wconf 95' lang='lat'><em>-</em></span> <span class='ocrx_word' id='word_1_400' title='bbox 3334 4296 3504 4356; x_wconf 66' lang='lat' dir='ltr'><strong><em>uocis</em></strong></span> <span class='ocrx_word' id='word_1_401' title='bbox 3525 4296 3600 4356; x_wconf 85' lang='lat' dir='ltr'><strong>T.</strong></span> 
     </span>
    </p>
   </div>
   <div class='ocr_carea' id='block_1_13' title="bbox 620 4352 3603 4490">
    <p class='ocr_par' dir='ltr' id='par_1_17' title="bbox 620 4352 3603 4490">
     <span class='ocr_line' id='line_1_41' title="bbox 620 4352 3603 4490; baseline 0.012 -57"><span class='ocrx_word' id='word_1_402' title='bbox 620 4352 1025 4418; x_wconf 59' lang='lat' dir='ltr'><strong><em>⁰⁰h⁰s²⁰55⁰n⁶</em></strong></span> <span class='ocrx_word' id='word_1_403' title='bbox 1046 4375 1140 4441; x_wconf 71' lang='lat'>1³¹·-</span> <span class='ocrx_word' id='word_1_404' title='bbox 1163 4358 1209 4419; x_wconf 80' lang='grc' dir='ltr'><strong>Ρ</strong></span> <span class='ocrx_word' id='word_1_405' title='bbox 1224 4405 1242 4433; x_wconf 73' lang='lat' dir='ltr'><em>v</em></span> <span class='ocrx_word' id='word_1_406' title='bbox 1288 4360 1748 4441; x_wconf 57' lang='lat' dir='ltr'><strong><em>“mplffiffllim</em></strong></span> <span class='ocrx_word' id='word_1_407' title='bbox 1769 4380 1907 4424; x_wconf 61' lang='lat' dir='ltr'><strong><em>‘mm</em></strong></span> <span class='ocrx_word' id='word_1_408' title='bbox 1932 4360 2076 4423; x_wconf 67' lang='lat'><em>&#39;²⁰⁷‘</em></span> <span class='ocrx_word' id='word_1_409' title='bbox 2235 4395 2304 4490; x_wconf 33' lang='lat'><strong>5..</strong></span> <span class='ocrx_word' id='word_1_410' title='bbox 2334 4402 2535 4473; x_wconf 86' lang='lat' dir='ltr'><strong><em>posset</em></strong></span> <span class='ocrx_word' id='word_1_411' title='bbox 2558 4403 2612 4457; x_wconf 88' lang='lat' dir='ltr'><strong><em>ct</em></strong></span> <span class='ocrx_word' id='word_1_412' title='bbox 2631 4396 2741 4458; x_wconf 76' lang='lat' dir='ltr'><strong><em>hoc</em></strong></span> <span class='ocrx_word' id='word_1_413' title='bbox 2758 4397 2825 4458; x_wconf 86' lang='lat' dir='ltr'><strong>F.</strong></span> <span class='ocrx_word' id='word_1_414' title='bbox 2844 4392 3073 4490; x_wconf 71' lang='lat' dir='ltr'><strong><em>—feci]</em></strong></span> <span class='ocrx_word' id='word_1_415' title='bbox 3093 4397 3337 4477; x_wconf 74' lang='lat' dir='ltr'><strong><em>fecerim</em></strong></span> <span class='ocrx_word' id='word_1_416' title='bbox 3354 4398 3603 4468; x_wconf 81' lang='lat' dir='ltr'><strong><em>corr.A.</em></strong></span> 
     </span>
    </p>
   </div>
   <div class='ocr_carea' id='block_1_14' title="bbox 621 4456 3490 4582">
    <p class='ocr_par' dir='ltr' id='par_1_18' title="bbox 621 4456 3490 4582">
     <span class='ocr_line' id='line_1_42' title="bbox 621 4456 3490 4582; baseline 0.013 -54"><span class='ocrx_word' id='word_1_417' title='bbox 621 4456 843 4521; x_wconf 65' lang='lat' dir='ltr'><strong><em>‘alione</em></strong></span> <span class='ocrx_word' id='word_1_418' title='bbox 885 4460 1172 4523; x_wconf 71' lang='lat' dir='ltr'><strong><em>con-..R</em></strong></span> <span class='ocrx_word' id='word_1_419' title='bbox 2233 4498 2295 4558; x_wconf 96' lang='grc'><strong>6.</strong></span> <span class='ocrx_word' id='word_1_420' title='bbox 2345 4492 2507 4579; x_wconf 85' lang='lat' dir='ltr'><strong><em>quid]</em></strong></span> <span class='ocrx_word' id='word_1_421' title='bbox 2555 4499 2711 4579; x_wconf 85' lang='lat' dir='ltr'><strong><em>quod</em></strong></span> <span class='ocrx_word' id='word_1_422' title='bbox 2753 4498 2924 4563; x_wconf 87' lang='lat' dir='ltr'><strong>PFT.</strong></span> <span class='ocrx_word' id='word_1_423' title='bbox 2958 4542 3042 4554; x_wconf 90' lang='lat'><strong><em>--</em></strong></span> <span class='ocrx_word' id='word_1_424' title='bbox 3084 4510 3311 4582; x_wconf 59' lang='lat' dir='ltr'><strong><em>oportet</em></strong></span> <span class='ocrx_word' id='word_1_425' title='bbox 3352 4501 3419 4565; x_wconf 94' lang='lat' dir='ltr'><strong><em>P.</em></strong></span> <span class='ocrx_word' id='word_1_426' title='bbox 3485 4573 3490 4578; x_wconf 57' lang='grc'><em>,</em></span> 
     </span>
    </p>
   </div>
   <div class='ocr_carea' id='block_1_15' title="bbox 704 4569 3604 4767">
    <p class='ocr_par' dir='ltr' id='par_1_19' title="bbox 704 4569 3604 4767">
     <span class='ocr_line' id='line_1_43' title="bbox 704 4569 3604 4686; baseline 0.011 -46"><span class='ocrx_word' id='word_1_427' title='bbox 704 4569 767 4631; x_wconf 81' lang='grc'><strong><em>8-</em></strong></span> <span class='ocrx_word' id='word_1_428' title='bbox 815 4574 1213 4637; x_wconf 54' lang='lat' dir='ltr'><strong><em>alterni-mma</em></strong></span> <span class='ocrx_word' id='word_1_429' title='bbox 1251 4575 1347 4637; x_wconf 91' lang='grc' dir='ltr'><strong><em>ΡΒ</em></strong></span> <span class='ocrx_word' id='word_1_430' title='bbox 1387 4582 1452 4639; x_wconf 72' lang='lat' dir='ltr'><strong><em>et</em></strong></span> <span class='ocrx_word' id='word_1_431' title='bbox 1488 4592 1585 4662; x_wconf 71' lang='lat' dir='ltr'><strong><em>Pr·</em></strong></span> <span class='ocrx_word' id='word_1_432' title='bbox 1627 4578 1703 4641; x_wconf 81' lang='lat' dir='ltr'><strong><em>A·</em></strong></span> <span class='ocrx_word' id='word_1_433' title='bbox 2231 4603 2294 4662; x_wconf 90' lang='grc'><strong>’1.</strong></span> <span class='ocrx_word' id='word_1_434' title='bbox 2345 4601 2500 4663; x_wconf 87' lang='lat' dir='ltr'><strong><em>seire</em></strong></span> <span class='ocrx_word' id='word_1_435' title='bbox 2543 4601 2809 4682; x_wconf 89' lang='lat' dir='ltr'><strong><em>(omisso</em></strong></span> <span class='ocrx_word' id='word_1_436' title='bbox 2854 4602 3085 4686; x_wconf 87' lang='lat' dir='ltr'><strong><em>tamen)</em></strong></span> <span class='ocrx_word' id='word_1_437' title='bbox 3127 4605 3361 4680; x_wconf 87' lang='lat' dir='ltr'><strong>PAFT,</strong></span> <span class='ocrx_word' id='word_1_438' title='bbox 3405 4614 3604 4672; x_wconf 84' lang='lat' dir='ltr'><strong><em>tamen</em></strong></span> 
     </span>
     <span class='ocr_line' id='line_1_44' title="bbox 705 4684 2469 4767; baseline 0.012 -23"><span class='ocrx_word' id='word_1_439' title='bbox 705 4684 767 4744; x_wconf 95' lang='grc'><strong>9.</strong></span> <span class='ocrx_word' id='word_1_440' title='bbox 812 4685 1036 4749; x_wconf 87' lang='lat' dir='ltr'><strong><em>crebris</em></strong></span> <span class='ocrx_word' id='word_1_441' title='bbox 1079 4684 1206 4751; x_wconf 88' lang='lat' dir='ltr'><strong><em>o‘m.</em></strong></span> <span class='ocrx_word' id='word_1_442' title='bbox 1244 4688 1418 4751; x_wconf 84' lang='lat' dir='ltr'><strong>PAF.</strong></span> <span class='ocrx_word' id='word_1_443' title='bbox 2148 4703 2304 4766; x_wconf 87' lang='lat' dir='ltr'><strong><em>scire</em></strong></span> <span class='ocrx_word' id='word_1_444' title='bbox 2347 4704 2469 4767; x_wconf 88' lang='lat' dir='ltr'><strong>BR.</strong></span> 
     </span>
    </p>
   </div>
   <div class='ocr_carea' id='block_1_16' title="bbox 624 4796 3222 4994">
    <p class='ocr_par' dir='ltr' id='par_1_20' title="bbox 624 4796 3222 4994">
     <span class='ocr_line' id='line_1_45' title="bbox 708 4796 2720 4886; baseline 0.007 -28"><span class='ocrx_word' id='word_1_445' title='bbox 708 4797 810 4858; x_wconf 87' lang='lat'><strong>10.</strong></span> <span class='ocrx_word' id='word_1_446' title='bbox 857 4817 994 4862; x_wconf 81' lang='lat' dir='ltr'><strong><em>voce</em></strong></span> <span class='ocrx_word' id='word_1_447' title='bbox 1032 4796 1328 4884; x_wconf 88' lang='lat' dir='ltr'><strong><em>depressa]</em></strong></span> <span class='ocrx_word' id='word_1_448' title='bbox 1375 4803 1575 4865; x_wconf 80' lang='lat' dir='ltr'><strong><em>uerbis</em></strong></span> <span class='ocrx_word' id='word_1_449' title='bbox 1608 4803 1901 4886; x_wconf 84' lang='lat' dir='ltr'><strong><em>depressis</em></strong></span> <span class='ocrx_word' id='word_1_450' title='bbox 1941 4803 2067 4866; x_wconf 79' lang='lat' dir='ltr'><strong>AF.</strong></span> <span class='ocrx_word' id='word_1_451' title='bbox 2234 4807 2295 4870; x_wconf 87' lang='lat'><strong>8.</strong></span> <span class='ocrx_word' id='word_1_452' title='bbox 2348 4826 2446 4871; x_wconf 84' lang='lat' dir='ltr'><strong><em>res</em></strong></span> <span class='ocrx_word' id='word_1_453' title='bbox 2489 4828 2615 4873; x_wconf 88' lang='lat' dir='ltr'><strong><em>om.</em></strong></span> <span class='ocrx_word' id='word_1_454' title='bbox 2650 4809 2720 4872; x_wconf 87' lang='lat' dir='ltr'><strong>F.</strong></span> 
     </span>
     <span class='ocr_line' id='line_1_46' title="bbox 624 4901 3222 4994; baseline 0.006 -29"><span class='ocrx_word' id='word_1_455' title='bbox 624 4929 706 4948; x_wconf 83' lang='lat'><strong><em>·—</em></strong></span> <span class='ocrx_word' id='word_1_456' title='bbox 741 4901 1031 4966; x_wconf 86' lang='lat' dir='ltr'><strong><em>inclinato</em></strong></span> <span class='ocrx_word' id='word_1_457' title='bbox 1064 4902 1230 4990; x_wconf 87' lang='lat' dir='ltr'><strong><em>sono]</em></strong></span> <span class='ocrx_word' id='word_1_458' title='bbox 1275 4906 1663 4972; x_wconf 88' lang='lat' dir='ltr'><strong><em>inclinatione</em></strong></span> <span class='ocrx_word' id='word_1_459' title='bbox 1704 4910 1840 4972; x_wconf 80' lang='lat' dir='ltr'><strong><em>soni</em></strong></span> <span class='ocrx_word' id='word_1_460' title='bbox 1868 4927 1966 4994; x_wconf 88' lang='lat' dir='ltr'><strong><em>pr.</em></strong></span> <span class='ocrx_word' id='word_1_461' title='bbox 2003 4910 2071 4974; x_wconf 88' lang='lat' dir='ltr'><strong>F.</strong></span> <span class='ocrx_word' id='word_1_462' title='bbox 2238 4913 2346 4975; x_wconf 79' lang='grc'><strong><em>10.</em></strong></span> <span class='ocrx_word' id='word_1_463' title='bbox 2387 4915 2676 4978; x_wconf 88' lang='lat' dir='ltr'><strong><em>memoria</em></strong></span> <span class='ocrx_word' id='word_1_464' title='bbox 2716 4931 2861 4978; x_wconf 85' lang='lat' dir='ltr'><strong><em>uero</em></strong></span> <span class='ocrx_word' id='word_1_465' title='bbox 2902 4921 3107 4981; x_wconf 83' lang='lat' dir='ltr'><strong><em>utrum</em></strong></span> <span class='ocrx_word' id='word_1_466' title='bbox 3147 4916 3222 4982; x_wconf 80' lang='lat' dir='ltr'><strong>R.</strong></span> 
     </span>
    </p>
   </div>
   <div class='ocr_carea' id='block_1_17' title="bbox 3013 5030 3052 5095">
    <p class='ocr_par' dir='ltr' id='par_1_21' title="bbox 3013 5030 3052 5095">
     <span class='ocr_line' id='line_1_47' title="bbox 3013 5030 3052 5095; baseline 0 0"><span class='ocrx_word' id='word_1_467' title='bbox 3013 5030 3052 5095; x_wconf 85' lang='lat'>5</span> 
     </span>
    </p>
   </div>
   <div class='ocr_carea' id='block_1_18' title="bbox 2152 3870 3730 3962">
    <p class='ocr_par' dir='ltr' id='par_1_22' title="bbox 2152 3870 3730 3962">
     <span class='ocr_line' id='line_1_48' title="bbox 2152 3870 3730 3962; baseline 0.006 -28"><span class='ocrx_word' id='word_1_468' title='bbox 2152 3873 2231 3935; x_wconf 81' lang='lat' dir='ltr'><strong><em>tis</em></strong></span> <span class='ocrx_word' id='word_1_469' title='bbox 2252 3870 2397 3956; x_wconf 85' lang='lat' dir='ltr'><strong><em>ictu]</em></strong></span> <span class='ocrx_word' id='word_1_470' title='bbox 2432 3875 2654 3955; x_wconf 87' lang='lat' dir='ltr'><strong><em>captivi</em></strong></span> <span class='ocrx_word' id='word_1_471' title='bbox 2681 3875 2844 3938; x_wconf 84' lang='lat' dir='ltr'><strong><em>luctu</em></strong></span> <span class='ocrx_word' id='word_1_472' title='bbox 2865 3877 2916 3938; x_wconf 98' lang='lat' dir='ltr'><strong>T</strong></span> <span class='ocrx_word' id='word_1_473' title='bbox 2944 3883 3005 3939; x_wconf 81' lang='lat' dir='ltr'><strong><em>et</em></strong></span> <span class='ocrx_word' id='word_1_474' title='bbox 3031 3896 3217 3962; x_wconf 81' lang='lat' dir='ltr'><strong><em>supra</em></strong></span> <span class='ocrx_word' id='word_1_475' title='bbox 3255 3896 3509 3941; x_wconf 81' lang='lat' dir='ltr'><strong><em>versum</em></strong></span> <span class='ocrx_word' id='word_1_476' title='bbox 3534 3882 3602 3944; x_wconf 87' lang='lat' dir='ltr'><strong>F.</strong></span> <span class='ocrx_word' id='word_1_477' title='bbox 3715 3870 3730 3876; x_wconf 52' lang='grc'>”</span> 
     </span>
    </p>
   </div>
  </div>
 </body>
</html>
