<?xml version="1.0" encoding="UTF-8"?>
<!DOCTYPE html PUBLIC "-//W3C//DTD XHTML 1.0 Transitional//EN"
    "http://www.w3.org/TR/xhtml1/DTD/xhtml1-transitional.dtd">
<html xmlns="http://www.w3.org/1999/xhtml" xml:lang="en" lang="en">
 <head>
  <title>
</title>
<meta http-equiv="Content-Type" content="text/html;charset=utf-8" />
  <meta name='ocr-system' content='tesseract 3.04.00' />
  <meta name='ocr-capabilities' content='ocr_page ocr_carea ocr_par ocr_line ocrx_word'/>
</head>
<body>
  <div class='ocr_page' id='page_1' title='image "./varietaslection00baitgoog_0033.png"; bbox 0 0 4620 5864; ppageno 0'>
   <div class='ocr_carea' id='block_1_1' title="bbox 1513 648 2858 716">
    <p class='ocr_par' dir='ltr' id='par_1_1' title="bbox 1513 648 2858 716">
     <span class='ocr_line' id='line_1_1' title="bbox 1513 648 2858 716; baseline -0.003 0"><span class='ocrx_word' id='word_1_1' title='bbox 1513 649 1619 716; x_wconf 78' lang='lat' dir='ltr'><strong><em>AD</em></strong></span> <span class='ocrx_word' id='word_1_2' title='bbox 1666 648 2015 715; x_wconf 83' lang='lat' dir='ltr'><strong>HERENN.</strong></span> <span class='ocrx_word' id='word_1_3' title='bbox 2065 648 2217 715; x_wconf 90' lang='lat' dir='ltr'><strong>LlB.</strong></span> <span class='ocrx_word' id='word_1_4' title='bbox 2264 648 2374 713; x_wconf 81' lang='grc' dir='ltr'><strong>ΙΙΙ.</strong></span> <span class='ocrx_word' id='word_1_5' title='bbox 2427 648 2596 716; x_wconf 78' lang='lat' dir='ltr'><strong>CAP.</strong></span> <span class='ocrx_word' id='word_1_6' title='bbox 2647 648 2858 715; x_wconf 82' lang='lat'><strong>5—8.</strong></span> 
     </span>
    </p>
   </div>
   <div class='ocr_carea' id='block_1_2' title="bbox 671 848 2139 4975">
    <p class='ocr_par' dir='ltr' id='par_1_2' title="bbox 682 848 2137 1040">
     <span class='ocr_line' id='line_1_2' title="bbox 683 848 2137 937; baseline -0.002 -23"><span class='ocrx_word' id='word_1_7' title='bbox 683 851 828 937; x_wconf 82' lang='lat' dir='ltr'><strong><em>quid</em></strong></span> <span class='ocrx_word' id='word_1_8' title='bbox 883 870 979 937; x_wconf 81' lang='lat' dir='ltr'><strong><em>pr.</em></strong></span> <span class='ocrx_word' id='word_1_9' title='bbox 1030 850 1107 914; x_wconf 86' lang='lat' dir='ltr'><strong>A.</strong></span> <span class='ocrx_word' id='word_1_10' title='bbox 1170 883 1253 898; x_wconf 90' lang='grc'><strong><em>--</em></strong></span> <span class='ocrx_word' id='word_1_11' title='bbox 1314 850 1410 912; x_wconf 80' lang='lat' dir='ltr'><strong><em>uti</em></strong></span> <span class='ocrx_word' id='word_1_12' title='bbox 1477 856 1803 931; x_wconf 68' lang='lat' dir='ltr'><strong><em>aqnoscant</em></strong></span> <span class='ocrx_word' id='word_1_13' title='bbox 1863 848 1995 920; x_wconf 82' lang='lat' dir='ltr'><strong>PA,</strong></span> <span class='ocrx_word' id='word_1_14' title='bbox 2070 854 2137 910; x_wconf 91' lang='lat' dir='ltr'><strong><em>ut</em></strong></span> 
     </span>
     <span class='ocr_line' id='line_1_3' title="bbox 682 956 1233 1040; baseline -0.004 -19"><span class='ocrx_word' id='word_1_15' title='bbox 682 964 1009 1040; x_wconf 79' lang='lat' dir='ltr'><strong><em>aqnoscant</em></strong></span> <span class='ocrx_word' id='word_1_16' title='bbox 1058 956 1233 1019; x_wconf 84' lang='lat' dir='ltr'><strong>FRT.</strong></span> 
     </span>
    </p>

    <p class='ocr_par' dir='ltr' id='par_1_3' title="bbox 681 1053 2135 1245">
     <span class='ocr_line' id='line_1_4' title="bbox 765 1053 2135 1141; baseline -0.005 -16"><span class='ocrx_word' id='word_1_17' title='bbox 765 1062 871 1125; x_wconf 90' lang='grc'><strong><em>21.</em></strong></span> <span class='ocrx_word' id='word_1_18' title='bbox 920 1054 1260 1141; x_wconf 74' lang='lat' dir='ltr'><strong><em>dissimiles]</em></strong></span> <span class='ocrx_word' id='word_1_19' title='bbox 1297 1057 1567 1139; x_wconf 80' lang='lat' dir='ltr'><strong><em>difficiles</em></strong></span> <span class='ocrx_word' id='word_1_20' title='bbox 1588 1059 1659 1125; x_wconf 91' lang='lat' dir='ltr'><strong><em>T.</em></strong></span> <span class='ocrx_word' id='word_1_21' title='bbox 1689 1090 1772 1103; x_wconf 92' lang='grc'>-</span> <span class='ocrx_word' id='word_1_22' title='bbox 1820 1053 1963 1138; x_wconf 86' lang='lat' dir='ltr'><strong><em>sint]</em></strong></span> <span class='ocrx_word' id='word_1_23' title='bbox 2000 1064 2135 1121; x_wconf 77' lang='lat' dir='ltr'><strong><em>sunt</em></strong></span> 
     </span>
     <span class='ocr_line' id='line_1_5' title="bbox 681 1162 1830 1245; baseline -0.006 -15"><span class='ocrx_word' id='word_1_24' title='bbox 681 1166 904 1230; x_wconf 81' lang='lat' dir='ltr'><strong>PFRT.</strong></span> <span class='ocrx_word' id='word_1_25' title='bbox 940 1197 1021 1210; x_wconf 89' lang='lat'><strong><em>—-</em></strong></span> <span class='ocrx_word' id='word_1_26' title='bbox 1064 1163 1314 1225; x_wconf 86' lang='lat' dir='ltr'><strong><em>audiant</em></strong></span> <span class='ocrx_word' id='word_1_27' title='bbox 1359 1162 1506 1224; x_wconf 86' lang='lat' dir='ltr'><strong><em>PFT</em></strong></span> <span class='ocrx_word' id='word_1_28' title='bbox 1539 1169 1602 1224; x_wconf 76' lang='lat' dir='ltr'><strong><em>ot</em></strong></span> <span class='ocrx_word' id='word_1_29' title='bbox 1631 1180 1728 1245; x_wconf 86' lang='lat' dir='ltr'><strong><em>pr.</em></strong></span> <span class='ocrx_word' id='word_1_30' title='bbox 1756 1162 1830 1224; x_wconf 95' lang='lat' dir='ltr'><strong>A.</strong></span> 
     </span>
    </p>

    <p class='ocr_par' dir='ltr' id='par_1_4' title="bbox 679 1263 2135 1539">
     <span class='ocr_line' id='line_1_6' title="bbox 766 1263 2135 1349; baseline -0.003 -17"><span class='ocrx_word' id='word_1_31' title='bbox 766 1272 871 1332; x_wconf 88' lang='lat'><strong>22.</strong></span> <span class='ocrx_word' id='word_1_32' title='bbox 916 1263 1316 1349; x_wconf 80' lang='lat' dir='ltr'><strong><em>vituperatur]</em></strong></span> <span class='ocrx_word' id='word_1_33' title='bbox 1388 1266 1734 1346; x_wconf 86' lang='lat' dir='ltr'><strong><em>uituperare</em></strong></span> <span class='ocrx_word' id='word_1_34' title='bbox 1791 1283 1884 1349; x_wconf 87' lang='lat' dir='ltr'><strong><em>pr.</em></strong></span> <span class='ocrx_word' id='word_1_35' title='bbox 1925 1267 1992 1328; x_wconf 91' lang='lat' dir='ltr'><strong><em>P.</em></strong></span> <span class='ocrx_word' id='word_1_36' title='bbox 2052 1298 2135 1312; x_wconf 90' lang='lat'>—</span> 
     </span>
     <span class='ocr_line' id='line_1_7' title="bbox 679 1369 2130 1455; baseline -0.003 -19"><span class='ocrx_word' id='word_1_37' title='bbox 679 1394 792 1436; x_wconf 86' lang='lat' dir='ltr'><strong><em>nos</em></strong></span> <span class='ocrx_word' id='word_1_38' title='bbox 828 1369 1091 1455; x_wconf 88' lang='lat' dir='ltr'><strong><em>sperare]</em></strong></span> <span class='ocrx_word' id='word_1_39' title='bbox 1140 1389 1382 1453; x_wconf 89' lang='lat' dir='ltr'><strong><em>sperare</em></strong></span> <span class='ocrx_word' id='word_1_40' title='bbox 1415 1389 1527 1432; x_wconf 89' lang='lat' dir='ltr'><strong><em>nos</em></strong></span> <span class='ocrx_word' id='word_1_41' title='bbox 1564 1373 1696 1443; x_wconf 84' lang='lat' dir='ltr'><strong><em>BR,</em></strong></span> <span class='ocrx_word' id='word_1_42' title='bbox 1742 1388 1867 1434; x_wconf 89' lang='lat' dir='ltr'><strong><em>om.</em></strong></span> <span class='ocrx_word' id='word_1_43' title='bbox 1906 1371 2130 1433; x_wconf 84' lang='lat' dir='ltr'><strong>PAFT.</strong></span> 
     </span>
     <span class='ocr_line' id='line_1_8' title="bbox 681 1479 1175 1539; baseline -0.006 0"><span class='ocrx_word' id='word_1_44' title='bbox 681 1512 765 1525; x_wconf 91' lang='lat'>—</span> <span class='ocrx_word' id='word_1_45' title='bbox 807 1497 905 1539; x_wconf 91' lang='lat' dir='ltr'><strong><em>eos</em></strong></span> <span class='ocrx_word' id='word_1_46' title='bbox 946 1494 1073 1539; x_wconf 89' lang='lat' dir='ltr'><strong><em>om.</em></strong></span> <span class='ocrx_word' id='word_1_47' title='bbox 1105 1479 1175 1537; x_wconf 93' lang='lat' dir='ltr'><strong>B.</strong></span> 
     </span>
    </p>

    <p class='ocr_par' dir='ltr' id='par_1_5' title="bbox 682 1575 2130 1867">
     <span class='ocr_line' id='line_1_9' title="bbox 764 1575 2130 1661; baseline -0.004 -18"><span class='ocrx_word' id='word_1_48' title='bbox 764 1582 867 1643; x_wconf 87' lang='grc'><strong><em>23.</em></strong></span> <span class='ocrx_word' id='word_1_49' title='bbox 911 1575 1371 1661; x_wconf 86' lang='lat' dir='ltr'><strong><em>improbaturos]</em></strong></span> <span class='ocrx_word' id='word_1_50' title='bbox 1441 1598 1539 1640; x_wconf 88' lang='lat' dir='ltr'><strong><em>eos</em></strong></span> <span class='ocrx_word' id='word_1_51' title='bbox 1579 1578 2021 1658; x_wconf 88' lang='lat' dir='ltr'><strong><em>improbaturos</em></strong></span> <span class='ocrx_word' id='word_1_52' title='bbox 2059 1579 2130 1638; x_wconf 94' lang='lat' dir='ltr'><strong>B.</strong></span> 
     </span>
     <span class='ocr_line' id='line_1_10' title="bbox 682 1682 2129 1764; baseline -0.003 -18"><span class='ocrx_word' id='word_1_53' title='bbox 682 1688 765 1732; x_wconf 59' lang='lat'><strong><em>³-</em></strong></span> <span class='ocrx_word' id='word_1_54' title='bbox 808 1685 859 1746; x_wconf 81' lang='lat' dir='ltr'><strong>A</strong></span> <span class='ocrx_word' id='word_1_55' title='bbox 903 1685 1076 1745; x_wconf 86' lang='lat' dir='ltr'><strong><em>rebus</em></strong></span> <span class='ocrx_word' id='word_1_56' title='bbox 1110 1685 1179 1745; x_wconf 88' lang='lat' dir='ltr'><strong><em>T.</em></strong></span> <span class='ocrx_word' id='word_1_57' title='bbox 1228 1714 1305 1725; x_wconf 90' lang='lat'>-</span> <span class='ocrx_word' id='word_1_58' title='bbox 1362 1684 1653 1744; x_wconf 89' lang='lat' dir='ltr'><strong><em>incertum</em></strong></span> <span class='ocrx_word' id='word_1_59' title='bbox 1691 1685 1790 1744; x_wconf 74' lang='grc' dir='ltr'><strong><em>ΡΒ</em></strong></span> <span class='ocrx_word' id='word_1_60' title='bbox 1825 1689 1886 1742; x_wconf 84' lang='lat' dir='ltr'><strong><em>et</em></strong></span> <span class='ocrx_word' id='word_1_61' title='bbox 1916 1699 2012 1764; x_wconf 82' lang='lat' dir='ltr'><strong><em>pr.</em></strong></span> <span class='ocrx_word' id='word_1_62' title='bbox 2054 1682 2129 1742; x_wconf 89' lang='lat' dir='ltr'><strong>A.</strong></span> 
     </span>
     <span class='ocr_line' id='line_1_11' title="bbox 682 1782 1992 1867; baseline -0.002 -19"><span class='ocrx_word' id='word_1_63' title='bbox 682 1821 764 1832; x_wconf 92' lang='lat'><strong><em>—-</em></strong></span> <span class='ocrx_word' id='word_1_64' title='bbox 809 1806 919 1849; x_wconf 88' lang='lat' dir='ltr'><strong><em>nos</em></strong></span> <span class='ocrx_word' id='word_1_65' title='bbox 948 1805 1072 1850; x_wconf 89' lang='lat' dir='ltr'><strong><em>om.</em></strong></span> <span class='ocrx_word' id='word_1_66' title='bbox 1104 1788 1380 1849; x_wconf 83' lang='lat' dir='ltr'><strong>PAFRT.</strong></span> <span class='ocrx_word' id='word_1_67' title='bbox 1418 1814 1496 1829; x_wconf 86' lang='lat'><strong><em>—-</em></strong></span> <span class='ocrx_word' id='word_1_68' title='bbox 1542 1782 1703 1867; x_wconf 76' lang='lat' dir='ltr'><strong><em>quid]</em></strong></span> <span class='ocrx_word' id='word_1_69' title='bbox 1739 1786 1894 1867; x_wconf 83' lang='lat' dir='ltr'><strong><em>quod</em></strong></span> <span class='ocrx_word' id='word_1_70' title='bbox 1922 1786 1992 1846; x_wconf 87' lang='lat' dir='ltr'><strong>F.</strong></span> 
     </span>
    </p>

    <p class='ocr_par' dir='ltr' id='par_1_6' title="bbox 767 1891 1365 1971">
     <span class='ocr_line' id='line_1_12' title="bbox 767 1891 1365 1971; baseline -0.003 -18"><span class='ocrx_word' id='word_1_71' title='bbox 767 1893 870 1953; x_wconf 71' lang='lat'><strong>211.</strong></span> <span class='ocrx_word' id='word_1_72' title='bbox 910 1892 1101 1971; x_wconf 88' lang='lat' dir='ltr'><strong><em>plura</em></strong></span> <span class='ocrx_word' id='word_1_73' title='bbox 1140 1906 1266 1953; x_wconf 87' lang='lat' dir='ltr'><strong><em>om.</em></strong></span> <span class='ocrx_word' id='word_1_74' title='bbox 1296 1891 1365 1951; x_wconf 87' lang='lat' dir='ltr'><strong>F.</strong></span> 
     </span>
    </p>

    <p class='ocr_par' dir='ltr' id='par_1_7' title="bbox 764 1993 1671 2058">
     <span class='ocr_line' id='line_1_13' title="bbox 764 1993 1671 2058; baseline -0.004 -2"><span class='ocrx_word' id='word_1_75' title='bbox 764 1996 866 2058; x_wconf 88' lang='lat'><strong>25.</strong></span> <span class='ocrx_word' id='word_1_76' title='bbox 914 1994 1200 2056; x_wconf 80' lang='lat' dir='ltr'><strong><em>habebunt</em></strong></span> <span class='ocrx_word' id='word_1_77' title='bbox 1240 1993 1560 2054; x_wconf 88' lang='lat' dir='ltr'><strong><em>sententias</em></strong></span> <span class='ocrx_word' id='word_1_78' title='bbox 1601 1994 1671 2053; x_wconf 91' lang='lat' dir='ltr'><strong><em>T.</em></strong></span> 
     </span>
    </p>

    <p class='ocr_par' dir='ltr' id='par_1_8' title="bbox 681 2092 2136 2491">
     <span class='ocr_line' id='line_1_14' title="bbox 766 2092 2132 2180; baseline -0.001 -21"><span class='ocrx_word' id='word_1_79' title='bbox 766 2099 911 2180; x_wconf 84' lang='lat' dir='ltr'><strong>Pag.</strong></span> <span class='ocrx_word' id='word_1_80' title='bbox 950 2099 1055 2159; x_wconf 77' lang='grc'><strong><em>46.</em></strong></span> <span class='ocrx_word' id='word_1_81' title='bbox 1103 2115 1167 2159; x_wconf 80' lang='lat' dir='ltr'><strong>v.</strong></span> <span class='ocrx_word' id='word_1_82' title='bbox 1212 2099 1270 2157; x_wconf 85' lang='lat'><strong>1.</strong></span> <span class='ocrx_word' id='word_1_83' title='bbox 1361 2092 1574 2177; x_wconf 90' lang='lat' dir='ltr'><strong><em>tracto]</em></strong></span> <span class='ocrx_word' id='word_1_84' title='bbox 1620 2104 1883 2157; x_wconf 84' lang='lat' dir='ltr'><strong><em>tractum</em></strong></span> <span class='ocrx_word' id='word_1_85' title='bbox 1919 2114 2009 2179; x_wconf 82' lang='lat' dir='ltr'><strong><em>pr.</em></strong></span> <span class='ocrx_word' id='word_1_86' title='bbox 2060 2098 2132 2167; x_wconf 91' lang='lat' dir='ltr'><strong>P,</strong></span> 
     </span>
     <span class='ocr_line' id='line_1_15' title="bbox 681 2200 2136 2271; baseline -0.001 -8"><span class='ocrx_word' id='word_1_87' title='bbox 681 2210 942 2264; x_wconf 87' lang='lat' dir='ltr'><strong><em>tractata</em></strong></span> <span class='ocrx_word' id='word_1_88' title='bbox 985 2219 1151 2263; x_wconf 85' lang='lat' dir='ltr'><strong><em>corr.</em></strong></span> <span class='ocrx_word' id='word_1_89' title='bbox 1187 2201 1268 2271; x_wconf 86' lang='lat' dir='ltr'><strong>P,</strong></span> <span class='ocrx_word' id='word_1_90' title='bbox 1311 2207 1571 2261; x_wconf 88' lang='lat' dir='ltr'><strong><em>tractato</em></strong></span> <span class='ocrx_word' id='word_1_91' title='bbox 1599 2200 1786 2268; x_wconf 87' lang='lat' dir='ltr'><strong>AFR,</strong></span> <span class='ocrx_word' id='word_1_92' title='bbox 1831 2219 1965 2261; x_wconf 82' lang='lat' dir='ltr'><strong><em>cum</em></strong></span> <span class='ocrx_word' id='word_1_93' title='bbox 2001 2221 2041 2261; x_wconf 90' lang='lat' dir='ltr'><strong><em>a</em></strong></span> <span class='ocrx_word' id='word_1_94' title='bbox 2072 2219 2136 2261; x_wconf 91' lang='lat' dir='ltr'><strong><em>re</em></strong></span> 
     </span>
     <span class='ocr_line' id='line_1_16' title="bbox 682 2300 2134 2385; baseline -0.001 -19"><span class='ocrx_word' id='word_1_95' title='bbox 682 2314 806 2366; x_wconf 87' lang='lat' dir='ltr'><strong><em>tum</em></strong></span> <span class='ocrx_word' id='word_1_96' title='bbox 833 2307 904 2366; x_wconf 89' lang='lat' dir='ltr'><strong><em>T.</em></strong></span> <span class='ocrx_word' id='word_1_97' title='bbox 936 2338 1017 2351; x_wconf 89' lang='lat'>—</span> <span class='ocrx_word' id='word_1_98' title='bbox 1061 2303 1135 2365; x_wconf 87' lang='lat' dir='ltr'><strong><em>ab</em></strong></span> <span class='ocrx_word' id='word_1_99' title='bbox 1177 2322 1304 2365; x_wconf 88' lang='lat' dir='ltr'><strong><em>om.</em></strong></span> <span class='ocrx_word' id='word_1_100' title='bbox 1341 2303 1566 2366; x_wconf 83' lang='lat' dir='ltr'><strong>PAFT.</strong></span> <span class='ocrx_word' id='word_1_101' title='bbox 1620 2337 1703 2351; x_wconf 90' lang='lat'><em>-</em></span> <span class='ocrx_word' id='word_1_102' title='bbox 1745 2300 1971 2385; x_wconf 85' lang='lat' dir='ltr'><strong><em>aliqua]</em></strong></span> <span class='ocrx_word' id='word_1_103' title='bbox 2021 2304 2134 2365; x_wconf 85' lang='lat' dir='ltr'><strong><em>ali·</em></strong></span> 
     </span>
     <span class='ocr_line' id='line_1_17' title="bbox 681 2408 1179 2491; baseline -0.002 -22"><span class='ocrx_word' id='word_1_104' title='bbox 681 2427 860 2491; x_wconf 80' lang='lat' dir='ltr'><strong><em>quam</em></strong></span> <span class='ocrx_word' id='word_1_105' title='bbox 903 2422 1071 2470; x_wconf 80' lang='lat' dir='ltr'><strong><em>corr.</em></strong></span> <span class='ocrx_word' id='word_1_106' title='bbox 1110 2408 1179 2468; x_wconf 91' lang='lat' dir='ltr'><strong><em>P.</em></strong></span> 
     </span>
    </p>

    <p class='ocr_par' dir='ltr' id='par_1_9' title="bbox 671 2506 2137 2903">
     <span class='ocr_line' id='line_1_18' title="bbox 764 2506 2135 2592; baseline 0.001 -19"><span class='ocrx_word' id='word_1_107' title='bbox 764 2514 826 2573; x_wconf 90' lang='lat'><strong>2.</strong></span> <span class='ocrx_word' id='word_1_108' title='bbox 875 2506 1488 2592; x_wconf 77' lang='lat' dir='ltr'><strong><em>commemoravimus]</em></strong></span> <span class='ocrx_word' id='word_1_109' title='bbox 1535 2511 1935 2572; x_wconf 88' lang='lat' dir='ltr'><strong><em>tractauimus</em></strong></span> <span class='ocrx_word' id='word_1_110' title='bbox 1956 2513 2027 2577; x_wconf 92' lang='lat' dir='ltr'><strong>B.</strong></span> <span class='ocrx_word' id='word_1_111' title='bbox 2052 2545 2135 2558; x_wconf 93' lang='lat'><strong><em>—-</em></strong></span> 
     </span>
     <span class='ocr_line' id='line_1_19' title="bbox 679 2610 2137 2694; baseline -0.002 -17"><span class='ocrx_word' id='word_1_112' title='bbox 679 2610 1007 2694; x_wconf 89' lang='lat' dir='ltr'><strong><em>rationum]</em></strong></span> <span class='ocrx_word' id='word_1_113' title='bbox 1056 2614 1350 2674; x_wconf 88' lang='lat' dir='ltr'><strong><em>rationem</em></strong></span> <span class='ocrx_word' id='word_1_114' title='bbox 1392 2615 1471 2685; x_wconf 91' lang='lat' dir='ltr'><strong><em>P,</em></strong></span> <span class='ocrx_word' id='word_1_115' title='bbox 1532 2614 1766 2675; x_wconf 87' lang='lat' dir='ltr'><strong><em>ratione</em></strong></span> <span class='ocrx_word' id='word_1_116' title='bbox 1807 2615 1888 2685; x_wconf 90' lang='lat' dir='ltr'><strong><em>B,</em></strong></span> <span class='ocrx_word' id='word_1_117' title='bbox 1947 2616 2137 2675; x_wconf 89' lang='lat' dir='ltr'><strong><em>ratio-</em></strong></span> 
     </span>
     <span class='ocr_line' id='line_1_20' title="bbox 680 2713 2134 2800; baseline 0.001 -21"><span class='ocrx_word' id='word_1_118' title='bbox 680 2738 825 2779; x_wconf 85' lang='lat' dir='ltr'><strong><em>num</em></strong></span> <span class='ocrx_word' id='word_1_119' title='bbox 869 2716 1205 2800; x_wconf 83' lang='lat' dir='ltr'><strong><em>(superscr.</em></strong></span> <span class='ocrx_word' id='word_1_120' title='bbox 1234 2713 1494 2796; x_wconf 83' lang='lat' dir='ltr'><strong><em>ratione)</em></strong></span> <span class='ocrx_word' id='word_1_121' title='bbox 1518 2718 1600 2787; x_wconf 82' lang='lat' dir='ltr'><strong><em>R,</em></strong></span> <span class='ocrx_word' id='word_1_122' title='bbox 1644 2719 1953 2780; x_wconf 86' lang='lat' dir='ltr'><strong><em>rationum</em></strong></span> <span class='ocrx_word' id='word_1_123' title='bbox 1974 2736 2134 2782; x_wconf 85' lang='lat' dir='ltr'><strong><em>sum-</em></strong></span> 
     </span>
     <span class='ocr_line' id='line_1_21' title="bbox 671 2816 1685 2903; baseline -0.001 -20"><span class='ocrx_word' id='word_1_124' title='bbox 671 2830 779 2903; x_wconf 92' lang='lat' dir='ltr'><strong><em>pto</em></strong></span> <span class='ocrx_word' id='word_1_125' title='bbox 822 2824 894 2883; x_wconf 91' lang='lat' dir='ltr'><strong><em>T.</em></strong></span> <span class='ocrx_word' id='word_1_126' title='bbox 930 2853 1013 2866; x_wconf 91' lang='grc'>-</span> <span class='ocrx_word' id='word_1_127' title='bbox 1055 2816 1356 2901; x_wconf 87' lang='lat' dir='ltr'><strong><em>narratio]</em></strong></span> <span class='ocrx_word' id='word_1_128' title='bbox 1407 2821 1569 2881; x_wconf 89' lang='lat' dir='ltr'><strong><em>ratio</em></strong></span> <span class='ocrx_word' id='word_1_129' title='bbox 1609 2821 1685 2882; x_wconf 88' lang='lat' dir='ltr'><strong>A.</strong></span> 
     </span>
    </p>

    <p class='ocr_par' dir='ltr' id='par_1_10' title="bbox 766 2922 1973 3008">
     <span class='ocr_line' id='line_1_22' title="bbox 766 2922 1973 3008; baseline 0 -20"><span class='ocrx_word' id='word_1_130' title='bbox 766 2927 829 2988; x_wconf 89' lang='lat'><strong>3.</strong></span> <span class='ocrx_word' id='word_1_131' title='bbox 878 2922 1016 3008; x_wconf 85' lang='lat' dir='ltr'><strong><em>qua]</em></strong></span> <span class='ocrx_word' id='word_1_132' title='bbox 1065 2925 1208 3005; x_wconf 81' lang='lat' dir='ltr'><strong><em>quid</em></strong></span> <span class='ocrx_word' id='word_1_133' title='bbox 1245 2925 1469 2987; x_wconf 87' lang='lat' dir='ltr'><strong>PAFT.</strong></span> <span class='ocrx_word' id='word_1_134' title='bbox 1505 2958 1589 2970; x_wconf 93' lang='lat'><strong>—</strong></span> <span class='ocrx_word' id='word_1_135' title='bbox 1630 2924 1863 3005; x_wconf 83' lang='lat' dir='ltr'><strong><em>aliquid</em></strong></span> <span class='ocrx_word' id='word_1_136' title='bbox 1905 2927 1973 2988; x_wconf 91' lang='lat' dir='ltr'><strong>F.</strong></span> 
     </span>
    </p>

    <p class='ocr_par' dir='ltr' id='par_1_11' title="bbox 764 3029 1782 3110">
     <span class='ocr_line' id='line_1_23' title="bbox 764 3029 1782 3110; baseline -0.004 -18"><span class='ocrx_word' id='word_1_137' title='bbox 764 3031 829 3092; x_wconf 69' lang='lat'><strong>4.</strong></span> <span class='ocrx_word' id='word_1_138' title='bbox 879 3030 1196 3110; x_wconf 80' lang='lat' dir='ltr'><strong><em>loquamur</em></strong></span> <span class='ocrx_word' id='word_1_139' title='bbox 1237 3030 1317 3099; x_wconf 92' lang='lat' dir='ltr'><strong><em>B,</em></strong></span> <span class='ocrx_word' id='word_1_140' title='bbox 1365 3029 1668 3109; x_wconf 85' lang='lat' dir='ltr'><strong><em>loquimur</em></strong></span> <span class='ocrx_word' id='word_1_141' title='bbox 1711 3030 1782 3089; x_wconf 92' lang='lat' dir='ltr'><strong>T.</strong></span> 
     </span>
    </p>

    <p class='ocr_par' dir='ltr' id='par_1_12' title="bbox 766 3132 2047 3214">
     <span class='ocr_line' id='line_1_24' title="bbox 766 3132 2047 3214; baseline -0.001 -19"><span class='ocrx_word' id='word_1_142' title='bbox 766 3136 828 3196; x_wconf 88' lang='grc'><strong><em>6.</em></strong></span> <span class='ocrx_word' id='word_1_143' title='bbox 867 3134 1074 3214; x_wconf 90' lang='lat' dir='ltr'><strong><em>primo</em></strong></span> <span class='ocrx_word' id='word_1_144' title='bbox 1118 3151 1243 3195; x_wconf 88' lang='lat' dir='ltr'><strong><em>om.</em></strong></span> <span class='ocrx_word' id='word_1_145' title='bbox 1273 3132 1599 3193; x_wconf 84' lang='lat' dir='ltr'><strong>PABFRT.</strong></span> <span class='ocrx_word' id='word_1_146' title='bbox 1637 3165 1714 3179; x_wconf 90' lang='lat'><strong><em>--</em></strong></span> <span class='ocrx_word' id='word_1_147' title='bbox 1758 3133 1948 3194; x_wconf 85' lang='lat' dir='ltr'><strong><em>simus</em></strong></span> <span class='ocrx_word' id='word_1_148' title='bbox 1978 3133 2047 3194; x_wconf 89' lang='lat' dir='ltr'><strong>P.</strong></span> 
     </span>
    </p>

    <p class='ocr_par' dir='ltr' id='par_1_13' title="bbox 680 3232 2130 3412">
     <span class='ocr_line' id='line_1_25' title="bbox 765 3232 2130 3321; baseline -0.001 -22"><span class='ocrx_word' id='word_1_149' title='bbox 765 3238 826 3300; x_wconf 87' lang='lat'><strong>8.</strong></span> <span class='ocrx_word' id='word_1_150' title='bbox 875 3233 1038 3319; x_wconf 80' lang='lat' dir='ltr'><strong><em>quid]</em></strong></span> <span class='ocrx_word' id='word_1_151' title='bbox 1086 3236 1241 3317; x_wconf 85' lang='lat' dir='ltr'><strong><em>quod</em></strong></span> <span class='ocrx_word' id='word_1_152' title='bbox 1278 3236 1345 3302; x_wconf 90' lang='lat' dir='ltr'><strong>B.</strong></span> <span class='ocrx_word' id='word_1_153' title='bbox 1389 3268 1473 3282; x_wconf 89' lang='lat'><em>-</em></span> <span class='ocrx_word' id='word_1_154' title='bbox 1514 3232 1814 3318; x_wconf 78' lang='lat' dir='ltr'><strong><em>cauteque]</em></strong></span> <span class='ocrx_word' id='word_1_155' title='bbox 1866 3245 1988 3298; x_wconf 90' lang='lat' dir='ltr'><strong><em>utet</em></strong></span> <span class='ocrx_word' id='word_1_156' title='bbox 2032 3256 2130 3321; x_wconf 86' lang='lat' dir='ltr'><strong><em>pr.</em></strong></span> 
     </span>
     <span class='ocr_line' id='line_1_26' title="bbox 680 3340 1281 3412; baseline -0.007 -8"><span class='ocrx_word' id='word_1_157' title='bbox 680 3344 754 3412; x_wconf 90' lang='lat' dir='ltr'><strong>P,</strong></span> <span class='ocrx_word' id='word_1_158' title='bbox 802 3350 970 3402; x_wconf 90' lang='lat' dir='ltr'><strong><em>caute</em></strong></span> <span class='ocrx_word' id='word_1_159' title='bbox 1015 3359 1179 3401; x_wconf 83' lang='lat' dir='ltr'><strong><em>corr.</em></strong></span> <span class='ocrx_word' id='word_1_160' title='bbox 1212 3340 1281 3400; x_wconf 92' lang='lat' dir='ltr'><strong>P.</strong></span> 
     </span>
    </p>

    <p class='ocr_par' dir='ltr' id='par_1_14' title="bbox 767 3444 2129 3525">
     <span class='ocr_line' id='line_1_27' title="bbox 767 3444 2129 3525; baseline 0 -20"><span class='ocrx_word' id='word_1_161' title='bbox 767 3445 826 3506; x_wconf 87' lang='lat'><strong>9.</strong></span> <span class='ocrx_word' id='word_1_162' title='bbox 869 3444 1171 3523; x_wconf 77' lang='lat' dir='ltr'><strong><em>oportebat</em></strong></span> <span class='ocrx_word' id='word_1_163' title='bbox 1184 3445 1256 3504; x_wconf 89' lang='lat' dir='ltr'><strong>T.</strong></span> <span class='ocrx_word' id='word_1_164' title='bbox 1272 3477 1356 3489; x_wconf 96' lang='lat'>—</span> <span class='ocrx_word' id='word_1_165' title='bbox 1374 3444 1631 3505; x_wconf 85' lang='lat' dir='ltr'><strong><em>uirtutes</em></strong></span> <span class='ocrx_word' id='word_1_166' title='bbox 1645 3452 1820 3525; x_wconf 87' lang='lat' dir='ltr'><strong><em>atque</em></strong></span> <span class='ocrx_word' id='word_1_167' title='bbox 1838 3445 1993 3506; x_wconf 87' lang='lat' dir='ltr'><strong><em>uitia</em></strong></span> <span class='ocrx_word' id='word_1_168' title='bbox 2008 3447 2129 3508; x_wconf 83' lang='lat' dir='ltr'><strong>BR.</strong></span> 
     </span>
    </p>

    <p class='ocr_par' dir='ltr' id='par_1_15' title="bbox 770 3548 1359 3630">
     <span class='ocr_line' id='line_1_28' title="bbox 770 3548 1359 3630; baseline 0 -21"><span class='ocrx_word' id='word_1_169' title='bbox 770 3551 867 3609; x_wconf 84' lang='lat'><strong>10.</strong></span> <span class='ocrx_word' id='word_1_170' title='bbox 916 3556 1113 3608; x_wconf 88' lang='lat' dir='ltr'><strong><em>tracta</em></strong></span> <span class='ocrx_word' id='word_1_171' title='bbox 1151 3566 1247 3630; x_wconf 80' lang='lat' dir='ltr'><strong><em>pr.</em></strong></span> <span class='ocrx_word' id='word_1_172' title='bbox 1290 3548 1359 3609; x_wconf 91' lang='lat' dir='ltr'><strong>P.</strong></span> 
     </span>
    </p>

    <p class='ocr_par' dir='ltr' id='par_1_16' title="bbox 682 3647 2137 3835">
     <span class='ocr_line' id='line_1_29' title="bbox 772 3647 2137 3734; baseline 0.001 -22"><span class='ocrx_word' id='word_1_173' title='bbox 772 3652 868 3712; x_wconf 82' lang='lat'><strong>11.</strong></span> <span class='ocrx_word' id='word_1_174' title='bbox 911 3647 1053 3732; x_wconf 88' lang='lat' dir='ltr'><strong><em>sint]</em></strong></span> <span class='ocrx_word' id='word_1_175' title='bbox 1103 3659 1240 3712; x_wconf 88' lang='lat' dir='ltr'><strong><em>sunt</em></strong></span> <span class='ocrx_word' id='word_1_176' title='bbox 1285 3653 1357 3714; x_wconf 93' lang='lat' dir='ltr'><strong>B.</strong></span> <span class='ocrx_word' id='word_1_177' title='bbox 1412 3684 1494 3700; x_wconf 90' lang='lat'>-</span> <span class='ocrx_word' id='word_1_178' title='bbox 1563 3649 1990 3734; x_wconf 86' lang='lat' dir='ltr'><strong><em>demonstrare]</em></strong></span> <span class='ocrx_word' id='word_1_179' title='bbox 2038 3653 2137 3714; x_wconf 81' lang='lat' dir='ltr'><strong><em>de&#39;-</em></strong></span> 
     </span>
     <span class='ocr_line' id='line_1_30' title="bbox 682 3755 1461 3835; baseline 0 -19"><span class='ocrx_word' id='word_1_180' title='bbox 682 3764 1017 3816; x_wconf 88' lang='lat' dir='ltr'><strong><em>monstrare</em></strong></span> <span class='ocrx_word' id='word_1_181' title='bbox 1057 3755 1346 3835; x_wconf 81' lang='lat' dir='ltr'><strong><em>oportebit</em></strong></span> <span class='ocrx_word' id='word_1_182' title='bbox 1387 3757 1461 3817; x_wconf 89' lang='lat' dir='ltr'><strong>R.</strong></span> 
     </span>
    </p>

    <p class='ocr_par' dir='ltr' id='par_1_17' title="bbox 776 3854 1571 3940">
     <span class='ocr_line' id='line_1_31' title="bbox 776 3854 1571 3940; baseline -0.001 -20"><span class='ocrx_word' id='word_1_183' title='bbox 776 3859 870 3921; x_wconf 87' lang='lat'><strong>12.</strong></span> <span class='ocrx_word' id='word_1_184' title='bbox 913 3854 1116 3940; x_wconf 76' lang='lat' dir='ltr'><strong><em>qenus]</em></strong></span> <span class='ocrx_word' id='word_1_185' title='bbox 1165 3860 1235 3920; x_wconf 86' lang='lat' dir='ltr'><strong><em>Si</em></strong></span> <span class='ocrx_word' id='word_1_186' title='bbox 1276 3878 1460 3939; x_wconf 77' lang='lat' dir='ltr'><strong><em>qenus</em></strong></span> <span class='ocrx_word' id='word_1_187' title='bbox 1501 3859 1571 3919; x_wconf 81' lang='lat' dir='ltr'><strong>R.</strong></span> 
     </span>
    </p>

    <p class='ocr_par' dir='ltr' id='par_1_18' title="bbox 684 3959 2138 4127">
     <span class='ocr_line' id='line_1_32' title="bbox 771 3959 2138 4045; baseline 0 -22"><span class='ocrx_word' id='word_1_188' title='bbox 771 3964 870 4025; x_wconf 83' lang='lat'><strong>15.</strong></span> <span class='ocrx_word' id='word_1_189' title='bbox 918 3962 1192 4023; x_wconf 82' lang='lat' dir='ltr'><strong><em>dedecore</em></strong></span> <span class='ocrx_word' id='word_1_190' title='bbox 1233 3979 1332 4045; x_wconf 80' lang='lat' dir='ltr'><strong><em>pr.</em></strong></span> <span class='ocrx_word' id='word_1_191' title='bbox 1368 3962 1439 4023; x_wconf 92' lang='lat' dir='ltr'><strong>B.</strong></span> <span class='ocrx_word' id='word_1_192' title='bbox 1483 3996 1564 4007; x_wconf 90' lang='lat'>—</span> <span class='ocrx_word' id='word_1_193' title='bbox 1608 3959 1961 4045; x_wconf 86' lang='lat' dir='ltr'><strong><em>maioribus]</em></strong></span> <span class='ocrx_word' id='word_1_194' title='bbox 2010 3964 2138 4024; x_wconf 87' lang='lat' dir='ltr'><strong><em>suis</em></strong></span> 
     </span>
     <span class='ocr_line' id='line_1_33' title="bbox 684 4065 1228 4127; baseline -0.004 -1"><span class='ocrx_word' id='word_1_195' title='bbox 684 4085 744 4126; x_wconf 90' lang='lat' dir='ltr'><strong><em>se</em></strong></span> <span class='ocrx_word' id='word_1_196' title='bbox 784 4065 1114 4126; x_wconf 85' lang='lat' dir='ltr'><strong><em>maioribus</em></strong></span> <span class='ocrx_word' id='word_1_197' title='bbox 1161 4069 1228 4127; x_wconf 90' lang='lat' dir='ltr'><strong>B.</strong></span> 
     </span>
    </p>

    <p class='ocr_par' dir='ltr' id='par_1_19' title="bbox 682 4168 2139 4662">
     <span class='ocr_line' id='line_1_34' title="bbox 774 4168 2130 4252; baseline 0.001 -21"><span class='ocrx_word' id='word_1_198' title='bbox 774 4171 873 4231; x_wconf 88' lang='grc'><strong>16.</strong></span> <span class='ocrx_word' id='word_1_199' title='bbox 921 4168 1220 4232; x_wconf 84' lang='lat' dir='ltr'><strong><em>Educatio</em></strong></span> <span class='ocrx_word' id='word_1_200' title='bbox 1270 4168 1406 4231; x_wconf 88' lang='lat' dir='ltr'><strong><em>bene</em></strong></span> <span class='ocrx_word' id='word_1_201' title='bbox 1456 4170 1525 4231; x_wconf 88' lang='lat' dir='ltr'><strong><em>in</em></strong></span> <span class='ocrx_word' id='word_1_202' title='bbox 1564 4171 1735 4232; x_wconf 90' lang='lat' dir='ltr'><strong><em>laude</em></strong></span> <span class='ocrx_word' id='word_1_203' title='bbox 1780 4170 1960 4252; x_wconf 75' lang='lat' dir='ltr'><strong><em>(quod</em></strong></span> <span class='ocrx_word' id='word_1_204' title='bbox 1986 4169 2130 4233; x_wconf 80' lang='lat' dir='ltr'><strong><em>add.</em></strong></span> 
     </span>
     <span class='ocr_line' id='line_1_35' title="bbox 687 4273 2139 4353; baseline 0.002 -20"><span class='ocrx_word' id='word_1_205' title='bbox 687 4291 811 4353; x_wconf 78' lang='lat' dir='ltr'><strong><em>mg.</em></strong></span> <span class='ocrx_word' id='word_1_206' title='bbox 852 4275 991 4334; x_wconf 81' lang='lat' dir='ltr'><strong><em>ead.</em></strong></span> <span class='ocrx_word' id='word_1_207' title='bbox 1020 4273 1139 4348; x_wconf 89' lang='lat' dir='ltr'><strong><em>m.)</em></strong></span> <span class='ocrx_word' id='word_1_208' title='bbox 1182 4273 1417 4334; x_wconf 76' lang='lat' dir='ltr'><strong><em>honeste</em></strong></span> <span class='ocrx_word' id='word_1_209' title='bbox 1452 4273 1529 4343; x_wconf 88' lang='lat' dir='ltr'><strong><em>P,</em></strong></span> <span class='ocrx_word' id='word_1_210' title='bbox 1574 4274 1850 4335; x_wconf 89' lang='lat' dir='ltr'><strong><em>Educato</em></strong></span> <span class='ocrx_word' id='word_1_211' title='bbox 1890 4275 2026 4336; x_wconf 84' lang='lat' dir='ltr'><strong><em>bene</em></strong></span> <span class='ocrx_word' id='word_1_212' title='bbox 2068 4276 2139 4336; x_wconf 90' lang='lat' dir='ltr'><strong><em>in</em></strong></span> 
     </span>
     <span class='ocr_line' id='line_1_36' title="bbox 683 4375 2136 4456; baseline 0.002 -20"><span class='ocrx_word' id='word_1_213' title='bbox 683 4375 854 4437; x_wconf 84' lang='lat' dir='ltr'><strong><em>laude</em></strong></span> <span class='ocrx_word' id='word_1_214' title='bbox 882 4376 1037 4456; x_wconf 79' lang='lat' dir='ltr'><strong><em>quod</em></strong></span> <span class='ocrx_word' id='word_1_215' title='bbox 1063 4377 1302 4437; x_wconf 79' lang='lat' dir='ltr'><strong><em>honeste</em></strong></span> <span class='ocrx_word' id='word_1_216' title='bbox 1339 4377 1474 4448; x_wconf 78' lang='lat' dir='ltr'><strong><em>AF,</em></strong></span> <span class='ocrx_word' id='word_1_217' title='bbox 1520 4375 1820 4438; x_wconf 82' lang='lat' dir='ltr'><strong><em>Educatio</em></strong></span> <span class='ocrx_word' id='word_1_218' title='bbox 1859 4378 1926 4438; x_wconf 87' lang='lat' dir='ltr'><strong><em>in</em></strong></span> <span class='ocrx_word' id='word_1_219' title='bbox 1954 4377 2136 4440; x_wconf 81' lang='lat' dir='ltr'><strong><em>laude</em></strong></span> 
     </span>
     <span class='ocr_line' id='line_1_37' title="bbox 682 4479 2135 4557; baseline 0.003 -19"><span class='ocrx_word' id='word_1_220' title='bbox 682 4479 837 4557; x_wconf 82' lang='lat' dir='ltr'><strong><em>quod</em></strong></span> <span class='ocrx_word' id='word_1_221' title='bbox 884 4480 1020 4540; x_wconf 90' lang='lat' dir='ltr'><strong><em>bene</em></strong></span> <span class='ocrx_word' id='word_1_222' title='bbox 1070 4479 1303 4541; x_wconf 76' lang='lat' dir='ltr'><strong><em>honeste</em></strong></span> <span class='ocrx_word' id='word_1_223' title='bbox 1355 4483 1438 4549; x_wconf 84' lang='lat' dir='ltr'><strong><em>R,</em></strong></span> <span class='ocrx_word' id='word_1_224' title='bbox 1512 4479 1814 4546; x_wconf 79' lang='lat' dir='ltr'><strong><em>Educatio</em></strong></span> <span class='ocrx_word' id='word_1_225' title='bbox 1859 4481 1925 4542; x_wconf 88' lang='lat' dir='ltr'><strong><em>in</em></strong></span> <span class='ocrx_word' id='word_1_226' title='bbox 1962 4481 2135 4542; x_wconf 83' lang='lat' dir='ltr'><strong><em>laude</em></strong></span> 
     </span>
     <span class='ocr_line' id='line_1_38' title="bbox 682 4580 1750 4662; baseline 0.004 -22"><span class='ocrx_word' id='word_1_227' title='bbox 682 4580 837 4662; x_wconf 86' lang='lat' dir='ltr'><strong><em>quod</em></strong></span> <span class='ocrx_word' id='word_1_228' title='bbox 863 4581 1095 4644; x_wconf 81' lang='lat' dir='ltr'><strong><em>honeste</em></strong></span> <span class='ocrx_word' id='word_1_229' title='bbox 1125 4586 1195 4645; x_wconf 92' lang='lat' dir='ltr'><strong>T.</strong></span> <span class='ocrx_word' id='word_1_230' title='bbox 1742 4645 1750 4655; x_wconf 73' lang='grc'>,</span> 
     </span>
    </p>

    <p class='ocr_par' dir='ltr' id='par_1_20' title="bbox 675 4686 2137 4975">
     <span class='ocr_line' id='line_1_39' title="bbox 774 4686 2134 4768; baseline 0.003 -22"><span class='ocrx_word' id='word_1_231' title='bbox 774 4686 872 4746; x_wconf 89' lang='grc'><strong>17.</strong></span> <span class='ocrx_word' id='word_1_232' title='bbox 920 4686 1255 4767; x_wconf 84' lang='lat' dir='ltr'><strong><em>disciplinis</em></strong></span> <span class='ocrx_word' id='word_1_233' title='bbox 1290 4687 1473 4748; x_wconf 90' lang='lat' dir='ltr'><strong><em>totius</em></strong></span> <span class='ocrx_word' id='word_1_234' title='bbox 1492 4689 1795 4768; x_wconf 89' lang='lat' dir='ltr'><strong><em>pueritiae</em></strong></span> <span class='ocrx_word' id='word_1_235' title='bbox 1825 4689 2033 4768; x_wconf 85' lang='lat' dir='ltr'><strong><em>suerit.</em></strong></span> <span class='ocrx_word' id='word_1_236' title='bbox 2070 4690 2134 4750; x_wconf 92' lang='lat' dir='ltr'><strong><em>in</em></strong></span> 
     </span>
     <span class='ocr_line' id='line_1_40' title="bbox 682 4788 2137 4873; baseline 0.005 -24"><span class='ocrx_word' id='word_1_237' title='bbox 682 4788 912 4857; x_wconf 86' lang='lat' dir='ltr'><strong>PAFR‚</strong></span> <span class='ocrx_word' id='word_1_238' title='bbox 957 4789 1291 4870; x_wconf 85' lang='lat' dir='ltr'><strong><em>disciplinis</em></strong></span> <span class='ocrx_word' id='word_1_239' title='bbox 1324 4791 1529 4871; x_wconf 81' lang='lat' dir='ltr'><strong><em>suerit.</em></strong></span> <span class='ocrx_word' id='word_1_240' title='bbox 1565 4793 1631 4852; x_wconf 88' lang='lat' dir='ltr'><strong><em>in</em></strong></span> <span class='ocrx_word' id='word_1_241' title='bbox 1674 4794 1755 4865; x_wconf 90' lang='lat' dir='ltr'><strong>T,</strong></span> <span class='ocrx_word' id='word_1_242' title='bbox 1798 4793 2137 4873; x_wconf 81' lang='lat' dir='ltr'><strong><em>disciplinis</em></strong></span> 
     </span>
     <span class='ocr_line' id='line_1_41' title="bbox 675 4896 1960 4975; baseline 0.004 -21"><span class='ocrx_word' id='word_1_243' title='bbox 675 4911 791 4973; x_wconf 92' lang='lat' dir='ltr'><strong><em>per</em></strong></span> <span class='ocrx_word' id='word_1_244' title='bbox 818 4911 1046 4954; x_wconf 88' lang='lat' dir='ltr'><strong><em>omnem</em></strong></span> <span class='ocrx_word' id='word_1_245' title='bbox 1076 4896 1408 4975; x_wconf 88' lang='lat' dir='ltr'><strong><em>pueritiam</em></strong></span> <span class='ocrx_word' id='word_1_246' title='bbox 1437 4896 1763 4958; x_wconf 82' lang='lat' dir='ltr'><strong><em>educatum.</em></strong></span> <span class='ocrx_word' id='word_1_247' title='bbox 1796 4897 1861 4958; x_wconf 83' lang='lat' dir='ltr'><strong><em>in</em></strong></span> <span class='ocrx_word' id='word_1_248' title='bbox 1888 4897 1960 4959; x_wconf 90' lang='grc' dir='ltr'><strong>Β.</strong></span> 
     </span>
    </p>
   </div>
   <div class='ocr_carea' id='block_1_3' title="bbox 3559 644 3664 717">
    <p class='ocr_par' dir='ltr' id='par_1_21' title="bbox 3559 644 3664 717">
     <span class='ocr_line' id='line_1_42' title="bbox 3559 644 3664 717; baseline 0 0"><span class='ocrx_word' id='word_1_249' title='bbox 3559 644 3664 717; x_wconf 77' lang='lat'><strong><em>2⁰</em></strong></span> 
     </span>
    </p>
   </div>
   <div class='ocr_carea' id='block_1_4' title="bbox 2211 844 3714 2074">
    <p class='ocr_par' dir='ltr' id='par_1_22' title="bbox 2211 844 3669 1343">
     <span class='ocr_line' id='line_1_43' title="bbox 2300 844 3664 931; baseline 0 -20"><span class='ocrx_word' id='word_1_250' title='bbox 2300 847 2401 911; x_wconf 88' lang='grc'><strong>18.</strong></span> <span class='ocrx_word' id='word_1_251' title='bbox 2451 844 2682 931; x_wconf 87' lang='lat' dir='ltr'><strong><em>contra]</em></strong></span> <span class='ocrx_word' id='word_1_252' title='bbox 2725 849 3035 912; x_wconf 90' lang='lat' dir='ltr'><strong><em>contrario</em></strong></span> <span class='ocrx_word' id='word_1_253' title='bbox 3071 852 3150 921; x_wconf 82' lang='grc' dir='ltr'><strong><em>Β,</em></strong></span> <span class='ocrx_word' id='word_1_254' title='bbox 3216 864 3347 914; x_wconf 85' lang='lat' dir='ltr'><strong><em>om.</em></strong></span> <span class='ocrx_word' id='word_1_255' title='bbox 3391 847 3664 911; x_wconf 87' lang='lat' dir='ltr'><strong>PABFT.</strong></span> 
     </span>
     <span class='ocr_line' id='line_1_44' title="bbox 2214 950 3667 1036; baseline 0 -24"><span class='ocrx_word' id='word_1_256' title='bbox 2214 984 2293 995; x_wconf 91' lang='lat'><strong><em>—-</em></strong></span> <span class='ocrx_word' id='word_1_257' title='bbox 2323 952 2549 1015; x_wconf 87' lang='lat' dir='ltr'><strong><em>Deinde</em></strong></span> <span class='ocrx_word' id='word_1_258' title='bbox 2591 953 2854 1016; x_wconf 88' lang='lat' dir='ltr'><strong><em>transire</em></strong></span> <span class='ocrx_word' id='word_1_259' title='bbox 2898 950 3145 1036; x_wconf 82' lang='lat' dir='ltr'><strong><em>oportet]</em></strong></span> <span class='ocrx_word' id='word_1_260' title='bbox 3193 953 3333 1016; x_wconf 85' lang='lat' dir='ltr'><strong><em>hinc</em></strong></span> <span class='ocrx_word' id='word_1_261' title='bbox 3359 952 3667 1016; x_wconf 78' lang='lat' dir='ltr'><strong><em>detrahere</em></strong></span> 
     </span>
     <span class='ocr_line' id='line_1_45' title="bbox 2211 1053 3667 1138; baseline 0.001 -22"><span class='ocrx_word' id='word_1_262' title='bbox 2211 1064 2440 1136; x_wconf 79' lang='lat' dir='ltr'><strong><em>oportet</em></strong></span> <span class='ocrx_word' id='word_1_263' title='bbox 2473 1053 2539 1119; x_wconf 88' lang='lat' dir='ltr'><strong><em>in</em></strong></span> <span class='ocrx_word' id='word_1_264' title='bbox 2567 1075 2788 1121; x_wconf 79' lang='lat' dir='ltr'><strong><em>rasura</em></strong></span> <span class='ocrx_word' id='word_1_265' title='bbox 2812 1056 2858 1119; x_wconf 90' lang='lat' dir='ltr'><strong>P</strong></span> <span class='ocrx_word' id='word_1_266' title='bbox 2877 1103 2894 1130; x_wconf 88' lang='lat'><strong>,</strong></span> <span class='ocrx_word' id='word_1_267' title='bbox 2938 1058 3073 1120; x_wconf 87' lang='lat' dir='ltr'><strong><em>inde</em></strong></span> <span class='ocrx_word' id='word_1_268' title='bbox 3105 1058 3438 1121; x_wconf 71' lang='lat' dir='ltr'><strong><em>retraxisse</em></strong></span> <span class='ocrx_word' id='word_1_269' title='bbox 3465 1064 3667 1138; x_wconf 86' lang='lat' dir='ltr'><strong><em>aperte</em></strong></span> 
     </span>
     <span class='ocr_line' id='line_1_46' title="bbox 2212 1160 3669 1242; baseline 0.001 -20"><span class='ocrx_word' id='word_1_270' title='bbox 2212 1160 2339 1229; x_wconf 88' lang='lat' dir='ltr'><strong><em>AF,</em></strong></span> <span class='ocrx_word' id='word_1_271' title='bbox 2409 1161 2542 1223; x_wconf 86' lang='lat' dir='ltr'><strong><em>inde</em></strong></span> <span class='ocrx_word' id='word_1_272' title='bbox 2582 1181 2642 1223; x_wconf 88' lang='lat' dir='ltr'><strong><em>se</em></strong></span> <span class='ocrx_word' id='word_1_273' title='bbox 2691 1162 3023 1224; x_wconf 76' lang='lat' dir='ltr'><strong><em>retraxisse</em></strong></span> <span class='ocrx_word' id='word_1_274' title='bbox 3049 1169 3261 1242; x_wconf 80' lang='lat' dir='ltr'><strong><em>,aperte</em></strong></span> <span class='ocrx_word' id='word_1_275' title='bbox 3308 1163 3432 1223; x_wconf 90' lang='lat' dir='ltr'><strong>BT.</strong></span> <span class='ocrx_word' id='word_1_276' title='bbox 3484 1194 3568 1208; x_wconf 89' lang='lat'><strong><em>·-</em></strong></span> <span class='ocrx_word' id='word_1_277' title='bbox 3628 1180 3669 1231; x_wconf 84' lang='lat' dir='ltr'><strong><em>a</em></strong></span> 
     </span>
     <span class='ocr_line' id='line_1_47' title="bbox 2211 1264 3216 1343; baseline 0.002 -18"><span class='ocrx_word' id='word_1_278' title='bbox 2211 1264 2486 1343; x_wconf 88' lang='lat' dir='ltr'><strong><em>corporis</em></strong></span> <span class='ocrx_word' id='word_1_279' title='bbox 2517 1265 2856 1329; x_wconf 86' lang='lat' dir='ltr'><strong><em>commodis.</em></strong></span> <span class='ocrx_word' id='word_1_280' title='bbox 2886 1272 3114 1328; x_wconf 84' lang='lat' dir='ltr'><strong><em>natura</em></strong></span> <span class='ocrx_word' id='word_1_281' title='bbox 3147 1268 3216 1327; x_wconf 93' lang='lat' dir='ltr'><strong>T.</strong></span> 
     </span>
    </p>

    <p class='ocr_par' dir='ltr' id='par_1_23' title="bbox 2213 1366 3682 1659">
     <span class='ocr_line' id='line_1_48' title="bbox 2300 1366 3661 1434; baseline 0 -4"><span class='ocrx_word' id='word_1_282' title='bbox 2300 1368 2397 1430; x_wconf 85' lang='lat'><strong>19.</strong></span> <span class='ocrx_word' id='word_1_283' title='bbox 2444 1367 2492 1430; x_wconf 80' lang='lat' dir='ltr'><strong>A</strong></span> <span class='ocrx_word' id='word_1_284' title='bbox 2528 1387 2655 1432; x_wconf 90' lang='lat' dir='ltr'><strong><em>om.</em></strong></span> <span class='ocrx_word' id='word_1_285' title='bbox 2692 1369 2761 1431; x_wconf 90' lang='lat' dir='ltr'><strong><em>P.</em></strong></span> <span class='ocrx_word' id='word_1_286' title='bbox 2813 1401 2890 1412; x_wconf 88' lang='lat'><strong><em>-—</em></strong></span> <span class='ocrx_word' id='word_1_287' title='bbox 2947 1371 3015 1431; x_wconf 89' lang='lat' dir='ltr'><strong><em>in</em></strong></span> <span class='ocrx_word' id='word_1_288' title='bbox 3057 1369 3228 1431; x_wconf 84' lang='lat' dir='ltr'><strong><em>laude</em></strong></span> <span class='ocrx_word' id='word_1_289' title='bbox 3271 1386 3394 1434; x_wconf 89' lang='lat' dir='ltr'><strong><em>om.</em></strong></span> <span class='ocrx_word' id='word_1_290' title='bbox 3433 1366 3661 1431; x_wconf 82' lang='lat' dir='ltr'><strong>ABFR.</strong></span> 
     </span>
     <span class='ocr_line' id='line_1_49' title="bbox 2213 1468 3663 1555; baseline 0.001 -22"><span class='ocrx_word' id='word_1_291' title='bbox 2213 1504 2291 1516; x_wconf 89' lang='lat'><em>-</em></span> <span class='ocrx_word' id='word_1_292' title='bbox 2340 1468 2625 1553; x_wconf 76' lang='lat' dir='ltr'><strong><em>diqnitas]</em></strong></span> <span class='ocrx_word' id='word_1_293' title='bbox 2689 1472 2907 1553; x_wconf 75' lang='lat' dir='ltr'><strong><em>diynus</em></strong></span> <span class='ocrx_word' id='word_1_294' title='bbox 2956 1490 3049 1555; x_wconf 88' lang='lat' dir='ltr'><strong><em>pr.</em></strong></span> <span class='ocrx_word' id='word_1_295' title='bbox 3075 1472 3144 1534; x_wconf 94' lang='lat' dir='ltr'><strong><em>P.</em></strong></span> <span class='ocrx_word' id='word_1_296' title='bbox 3181 1506 3263 1519; x_wconf 94' lang='lat'><strong><em>·-</em></strong></span> <span class='ocrx_word' id='word_1_297' title='bbox 3305 1468 3501 1554; x_wconf 82' lang='lat' dir='ltr'><strong><em>atque]</em></strong></span> <span class='ocrx_word' id='word_1_298' title='bbox 3556 1479 3663 1535; x_wconf 81' lang='lat' dir='ltr'><strong><em>aut</em></strong></span> 
     </span>
     <span class='ocr_line' id='line_1_50' title="bbox 2214 1566 3682 1659; baseline 0.003 -24"><span class='ocrx_word' id='word_1_299' title='bbox 2214 1575 2387 1637; x_wconf 83' lang='lat' dir='ltr'><strong>AFT.</strong></span> <span class='ocrx_word' id='word_1_300' title='bbox 2423 1609 2505 1621; x_wconf 91' lang='lat'>—</span> <span class='ocrx_word' id='word_1_301' title='bbox 2536 1572 2688 1658; x_wconf 88' lang='lat' dir='ltr'><strong><em>eam]</em></strong></span> <span class='ocrx_word' id='word_1_302' title='bbox 2723 1597 2791 1637; x_wconf 87' lang='lat' dir='ltr'><strong><em>ea</em></strong></span> <span class='ocrx_word' id='word_1_303' title='bbox 2820 1578 2889 1638; x_wconf 89' lang='lat' dir='ltr'><strong>F.</strong></span> <span class='ocrx_word' id='word_1_304' title='bbox 3175 1650 3180 1655; x_wconf 74' lang='lat'><em>,</em></span> <span class='ocrx_word' id='word_1_305' title='bbox 3559 1566 3562 1569; x_wconf 36' lang='lat'>¹</span> <span class='ocrx_word' id='word_1_306' title='bbox 3677 1654 3682 1659; x_wconf 17' lang='grc' dir='ltr'><strong><em>ι</em></strong></span> 
     </span>
    </p>

    <p class='ocr_par' dir='ltr' id='par_1_24' title="bbox 2297 1679 3714 1759">
     <span class='ocr_line' id='line_1_51' title="bbox 2297 1679 3714 1759; baseline 0.004 -20"><span class='ocrx_word' id='word_1_307' title='bbox 2297 1679 2400 1741; x_wconf 85' lang='grc'><strong><em>21.</em></strong></span> <span class='ocrx_word' id='word_1_308' title='bbox 2444 1680 2680 1759; x_wconf 73' lang='lat' dir='ltr'><strong><em>eqreqia</em></strong></span> <span class='ocrx_word' id='word_1_309' title='bbox 2708 1681 2994 1745; x_wconf 69' lang='lat' dir='ltr'><strong><em>uelocitas</em></strong></span> <span class='ocrx_word' id='word_1_310' title='bbox 3021 1681 3092 1742; x_wconf 93' lang='lat' dir='ltr'><strong>B.</strong></span> <span class='ocrx_word' id='word_1_311' title='bbox 3127 1712 3206 1725; x_wconf 89' lang='lat'><strong><em>—-</em></strong></span> <span class='ocrx_word' id='word_1_312' title='bbox 3251 1680 3557 1745; x_wconf 72' lang='lat' dir='ltr'><strong><em>industria</em></strong></span> <span class='ocrx_word' id='word_1_313' title='bbox 3588 1679 3661 1741; x_wconf 89' lang='lat' dir='ltr'><strong>B.</strong></span> <span class='ocrx_word' id='word_1_314' title='bbox 3711 1740 3714 1745; x_wconf 81' lang='grc'><strong><em>,</em></strong></span> 
     </span>
    </p>

    <p class='ocr_par' dir='ltr' id='par_1_25' title="bbox 2296 1782 3328 1864">
     <span class='ocr_line' id='line_1_52' title="bbox 2296 1782 3328 1864; baseline 0.004 -22"><span class='ocrx_word' id='word_1_315' title='bbox 2296 1782 2400 1843; x_wconf 89' lang='grc'><strong><em>22.</em></strong></span> <span class='ocrx_word' id='word_1_316' title='bbox 2450 1784 2719 1843; x_wconf 89' lang='lat' dir='ltr'><strong><em>ualitudo</em></strong></span> <span class='ocrx_word' id='word_1_317' title='bbox 2762 1803 2840 1844; x_wconf 78' lang='lat' dir='ltr'><strong><em>ex</em></strong></span> <span class='ocrx_word' id='word_1_318' title='bbox 2874 1792 3164 1864; x_wconf 86' lang='lat' dir='ltr'><strong><em>perpetua</em></strong></span> <span class='ocrx_word' id='word_1_319' title='bbox 3207 1786 3328 1846; x_wconf 84' lang='lat' dir='ltr'><strong><em>BT.</em></strong></span> 
     </span>
    </p>

    <p class='ocr_par' dir='ltr' id='par_1_26' title="bbox 2211 1886 3666 2074">
     <span class='ocr_line' id='line_1_53' title="bbox 2294 1886 3666 1970; baseline 0.001 -23"><span class='ocrx_word' id='word_1_320' title='bbox 2294 1887 2399 1950; x_wconf 88' lang='grc'><strong><em>23.</em></strong></span> <span class='ocrx_word' id='word_1_321' title='bbox 2442 1886 2750 1949; x_wconf 88' lang='lat' dir='ltr'><strong><em>commoda</em></strong></span> <span class='ocrx_word' id='word_1_322' title='bbox 2782 1887 2852 1950; x_wconf 86' lang='lat' dir='ltr'><strong><em>de</em></strong></span> <span class='ocrx_word' id='word_1_323' title='bbox 2903 1889 2999 1949; x_wconf 89' lang='lat' dir='ltr'><strong><em>his</em></strong></span> <span class='ocrx_word' id='word_1_324' title='bbox 3041 1906 3135 1970; x_wconf 81' lang='lat' dir='ltr'><strong><em>pr.</em></strong></span> <span class='ocrx_word' id='word_1_325' title='bbox 3173 1888 3218 1948; x_wconf 96' lang='lat' dir='ltr'><strong>P</strong></span> <span class='ocrx_word' id='word_1_326' title='bbox 3270 1894 3333 1951; x_wconf 81' lang='lat' dir='ltr'><strong><em>et</em></strong></span> <span class='ocrx_word' id='word_1_327' title='bbox 3366 1904 3536 1950; x_wconf 87' lang='lat' dir='ltr'><strong><em>corr.</em></strong></span> <span class='ocrx_word' id='word_1_328' title='bbox 3583 1886 3666 1960; x_wconf 86' lang='lat' dir='ltr'><strong><em>A,</em></strong></span> 
     </span>
     <span class='ocr_line' id='line_1_54' title="bbox 2211 1990 3459 2074; baseline 0.003 -23"><span class='ocrx_word' id='word_1_329' title='bbox 2211 1990 2516 2052; x_wconf 85' lang='lat' dir='ltr'><strong><em>commoda</em></strong></span> <span class='ocrx_word' id='word_1_330' title='bbox 2559 1991 2655 2052; x_wconf 86' lang='lat' dir='ltr'><strong><em>his</em></strong></span> <span class='ocrx_word' id='word_1_331' title='bbox 2699 1992 2745 2052; x_wconf 91' lang='lat' dir='ltr'><strong>F</strong></span> <span class='ocrx_word' id='word_1_332' title='bbox 2777 1997 2840 2053; x_wconf 82' lang='lat' dir='ltr'><strong><em>et</em></strong></span> <span class='ocrx_word' id='word_1_333' title='bbox 2865 2010 3032 2054; x_wconf 82' lang='lat' dir='ltr'><strong><em>corr.</em></strong></span> <span class='ocrx_word' id='word_1_334' title='bbox 3063 1991 3109 2052; x_wconf 91' lang='lat' dir='ltr'><strong>P</strong></span> <span class='ocrx_word' id='word_1_335' title='bbox 3156 1998 3218 2053; x_wconf 78' lang='lat' dir='ltr'><strong><em>et</em></strong></span> <span class='ocrx_word' id='word_1_336' title='bbox 3256 2010 3356 2074; x_wconf 77' lang='lat' dir='ltr'><strong><em>pr.</em></strong></span> <span class='ocrx_word' id='word_1_337' title='bbox 3389 1998 3459 2055; x_wconf 88' lang='lat' dir='ltr'><strong>A.</strong></span> 
     </span>
    </p>
   </div>
   <div class='ocr_carea' id='block_1_5' title="bbox 2295 2095 3817 2177">
    <p class='ocr_par' dir='ltr' id='par_1_27' title="bbox 2295 2095 3817 2177">
     <span class='ocr_line' id='line_1_55' title="bbox 2295 2095 3817 2177; baseline 0.002 -22"><span class='ocrx_word' id='word_1_338' title='bbox 2295 2095 2402 2155; x_wconf 85' lang='lat'><strong>25.</strong></span> <span class='ocrx_word' id='word_1_339' title='bbox 2449 2095 2545 2155; x_wconf 91' lang='lat' dir='ltr'><strong><em>sin</em></strong></span> <span class='ocrx_word' id='word_1_340' title='bbox 2580 2104 2752 2157; x_wconf 83' lang='lat' dir='ltr'><strong><em>erunt</em></strong></span> <span class='ocrx_word' id='word_1_341' title='bbox 2782 2096 2905 2158; x_wconf 86' lang='lat' dir='ltr'><strong>AF.</strong></span> <span class='ocrx_word' id='word_1_342' title='bbox 2939 2129 3025 2141; x_wconf 89' lang='lat'>—</span> <span class='ocrx_word' id='word_1_343' title='bbox 3065 2097 3525 2177; x_wconf 65' lang='lat' dir='ltr'><strong><em>intemperantia</em></strong></span> <span class='ocrx_word' id='word_1_344' title='bbox 3571 2115 3671 2157; x_wconf 87' lang='lat' dir='ltr'><strong><em>oo-</em></strong></span> <span class='ocrx_word' id='word_1_345' title='bbox 3804 2110 3817 2121; x_wconf 89' lang='lat'><strong>·</strong></span> 
     </span>
    </p>
   </div>
   <div class='ocr_carea' id='block_1_6' title="bbox 2203 2194 3750 4960">
    <p class='ocr_par' dir='ltr' id='par_1_28' title="bbox 2209 2194 3670 2676">
     <span class='ocr_line' id='line_1_56' title="bbox 2212 2194 3669 2280; baseline 0.002 -23"><span class='ocrx_word' id='word_1_346' title='bbox 2212 2194 2443 2279; x_wconf 79' lang='lat' dir='ltr'><strong><em>cidisse]</em></strong></span> <span class='ocrx_word' id='word_1_347' title='bbox 2493 2199 2952 2279; x_wconf 87' lang='lat' dir='ltr'><strong><em>intemperantia</em></strong></span> <span class='ocrx_word' id='word_1_348' title='bbox 2982 2200 3171 2280; x_wconf 75' lang='lat' dir='ltr'><strong><em>[uisse</em></strong></span> <span class='ocrx_word' id='word_1_349' title='bbox 3213 2200 3360 2262; x_wconf 85' lang='lat' dir='ltr'><strong>PAF</strong></span> <span class='ocrx_word' id='word_1_350' title='bbox 3374 2244 3393 2270; x_wconf 86' lang='lat'><strong>,</strong></span> <span class='ocrx_word' id='word_1_351' title='bbox 3460 2201 3669 2261; x_wconf 90' lang='lat' dir='ltr'><strong><em>intem·</em></strong></span> 
     </span>
     <span class='ocr_line' id='line_1_57' title="bbox 2209 2303 3670 2383; baseline 0.002 -23"><span class='ocrx_word' id='word_1_352' title='bbox 2209 2303 2494 2381; x_wconf 84' lang='lat' dir='ltr'><strong><em>perantia</em></strong></span> <span class='ocrx_word' id='word_1_353' title='bbox 2530 2320 2651 2363; x_wconf 86' lang='lat' dir='ltr'><strong><em>non</em></strong></span> <span class='ocrx_word' id='word_1_354' title='bbox 2697 2303 2886 2383; x_wconf 80' lang='lat' dir='ltr'><strong><em>fuisse</em></strong></span> <span class='ocrx_word' id='word_1_355' title='bbox 2921 2305 3003 2378; x_wconf 90' lang='grc' dir='ltr'><strong><em>Β,</em></strong></span> <span class='ocrx_word' id='word_1_356' title='bbox 3071 2303 3530 2383; x_wconf 84' lang='lat' dir='ltr'><strong><em>intemperantia</em></strong></span> <span class='ocrx_word' id='word_1_357' title='bbox 3569 2303 3670 2383; x_wconf 79' lang='lat' dir='ltr'><strong><em>su-</em></strong></span> 
     </span>
     <span class='ocr_line' id='line_1_58' title="bbox 2209 2404 3667 2487; baseline 0.003 -23"><span class='ocrx_word' id='word_1_358' title='bbox 2209 2404 2365 2483; x_wconf 74' lang='lat' dir='ltr'><strong><em>qisse</em></strong></span> <span class='ocrx_word' id='word_1_359' title='bbox 2399 2407 2480 2475; x_wconf 86' lang='lat' dir='ltr'><strong><em>R,</em></strong></span> <span class='ocrx_word' id='word_1_360' title='bbox 2523 2406 2981 2486; x_wconf 83' lang='lat' dir='ltr'><strong><em>intemperantia</em></strong></span> <span class='ocrx_word' id='word_1_361' title='bbox 3030 2407 3315 2469; x_wconf 80' lang='lat' dir='ltr'><strong><em>accidisse</em></strong></span> <span class='ocrx_word' id='word_1_362' title='bbox 3349 2409 3421 2469; x_wconf 90' lang='lat' dir='ltr'><strong>T.</strong></span> <span class='ocrx_word' id='word_1_363' title='bbox 3466 2404 3667 2487; x_wconf 83' lang='lat' dir='ltr'><strong><em>(Fort.</em></strong></span> 
     </span>
     <span class='ocr_line' id='line_1_59' title="bbox 2210 2505 3661 2591; baseline 0.003 -23"><span class='ocrx_word' id='word_1_364' title='bbox 2210 2507 2668 2588; x_wconf 85' lang='lat' dir='ltr'><strong><em>intemperantia</em></strong></span> <span class='ocrx_word' id='word_1_365' title='bbox 2693 2505 2962 2591; x_wconf 77' lang='lat' dir='ltr'><strong><em>afuisse.)</em></strong></span> <span class='ocrx_word' id='word_1_366' title='bbox 2984 2542 3069 2557; x_wconf 91' lang='lat'><strong><em>—-</em></strong></span> <span class='ocrx_word' id='word_1_367' title='bbox 3110 2518 3413 2573; x_wconf 86' lang='lat' dir='ltr'><strong><em>uertemur</em></strong></span> <span class='ocrx_word' id='word_1_368' title='bbox 3436 2508 3661 2572; x_wconf 85' lang='lat' dir='ltr'><strong>PAFT.</strong></span> 
     </span>
     <span class='ocr_line' id='line_1_60' title="bbox 2209 2616 2762 2676; baseline 0.009 -5"><span class='ocrx_word' id='word_1_369' title='bbox 2209 2644 2293 2656; x_wconf 92' lang='lat'><strong>—</strong></span> <span class='ocrx_word' id='word_1_370' title='bbox 2337 2616 2649 2674; x_wconf 59' lang='lat' dir='ltr'><strong><em>extrarias</em></strong></span> <span class='ocrx_word' id='word_1_371' title='bbox 2693 2616 2762 2676; x_wconf 82' lang='grc' dir='ltr'><strong><em>Β.</em></strong></span> 
     </span>
    </p>

    <p class='ocr_par' dir='ltr' id='par_1_29' title="bbox 2295 2715 3451 2797">
     <span class='ocr_line' id='line_1_61' title="bbox 2295 2715 3451 2797; baseline 0.003 -20"><span class='ocrx_word' id='word_1_372' title='bbox 2295 2715 2396 2779; x_wconf 88' lang='lat'><strong>28.</strong></span> <span class='ocrx_word' id='word_1_373' title='bbox 2435 2717 2664 2797; x_wconf 81' lang='lat' dir='ltr'><strong><em>suerint</em></strong></span> <span class='ocrx_word' id='word_1_374' title='bbox 2703 2717 2770 2779; x_wconf 89' lang='lat' dir='ltr'><strong>F.</strong></span> <span class='ocrx_word' id='word_1_375' title='bbox 2811 2745 2884 2758; x_wconf 91' lang='lat'>-</span> <span class='ocrx_word' id='word_1_376' title='bbox 2924 2725 3188 2797; x_wconf 84' lang='lat' dir='ltr'><strong><em>potestas</em></strong></span> <span class='ocrx_word' id='word_1_377' title='bbox 3222 2719 3323 2779; x_wconf 89' lang='lat' dir='ltr'><strong><em>AF</em></strong></span> <span class='ocrx_word' id='word_1_378' title='bbox 3327 2721 3451 2783; x_wconf 81' lang='grc' dir='ltr'><strong><em>ΒΤ.</em></strong></span> 
     </span>
    </p>

    <p class='ocr_par' dir='ltr' id='par_1_30' title="bbox 2203 2816 3750 3004">
     <span class='ocr_line' id='line_1_62' title="bbox 2293 2816 3667 2907; baseline 0.005 -28"><span class='ocrx_word' id='word_1_379' title='bbox 2293 2820 2400 2880; x_wconf 84' lang='lat'><strong>29.</strong></span> <span class='ocrx_word' id='word_1_380' title='bbox 2449 2816 2610 2901; x_wconf 85' lang='lat' dir='ltr'><strong><em>quid]</em></strong></span> <span class='ocrx_word' id='word_1_381' title='bbox 2655 2820 2810 2907; x_wconf 82' lang='lat' dir='ltr'><strong><em>quod</em></strong></span> <span class='ocrx_word' id='word_1_382' title='bbox 2849 2822 2921 2882; x_wconf 90' lang='grc' dir='ltr'><strong><em>Β.</em></strong></span> <span class='ocrx_word' id='word_1_383' title='bbox 2971 2857 3049 2869; x_wconf 93' lang='lat'><strong><em>——</em></strong></span> <span class='ocrx_word' id='word_1_384' title='bbox 3110 2821 3178 2882; x_wconf 88' lang='lat' dir='ltr'><strong><em>in</em></strong></span> <span class='ocrx_word' id='word_1_385' title='bbox 3220 2839 3342 2885; x_wconf 89' lang='lat' dir='ltr'><strong><em>om.</em></strong></span> <span class='ocrx_word' id='word_1_386' title='bbox 3375 2823 3550 2885; x_wconf 79' lang='lat' dir='ltr'><strong>FRT.</strong></span> <span class='ocrx_word' id='word_1_387' title='bbox 3582 2855 3667 2868; x_wconf 94' lang='lat'><strong><em>—-</em></strong></span> 
     </span>
     <span class='ocr_line' id='line_1_63' title="bbox 2203 2921 3750 3004; baseline 0.005 -21"><span class='ocrx_word' id='word_1_388' title='bbox 2203 2921 2412 3002; x_wconf 76' lang='lat' dir='ltr'><strong><em>fecerit</em></strong></span> <span class='ocrx_word' id='word_1_389' title='bbox 2452 2926 2735 3004; x_wconf 75' lang='lat' dir='ltr'><strong><em>yerundis</em></strong></span> <span class='ocrx_word' id='word_1_390' title='bbox 2777 2928 2848 2989; x_wconf 91' lang='lat' dir='ltr'><strong><em>T.</em></strong></span> <span class='ocrx_word' id='word_1_391' title='bbox 3747 2943 3750 2948; x_wconf 84' lang='lat'>&#39;</span> 
     </span>
    </p>

    <p class='ocr_par' dir='ltr' id='par_1_31' title="bbox 2295 3027 3410 3112">
     <span class='ocr_line' id='line_1_64' title="bbox 2295 3027 3410 3112; baseline 0.005 -25"><span class='ocrx_word' id='word_1_392' title='bbox 2295 3028 2400 3088; x_wconf 83' lang='lat'><strong>30.</strong></span> <span class='ocrx_word' id='word_1_393' title='bbox 2449 3029 2754 3091; x_wconf 85' lang='lat' dir='ltr'><strong><em>inimicias</em></strong></span> <span class='ocrx_word' id='word_1_394' title='bbox 2797 3027 2931 3111; x_wconf 83' lang='lat' dir='ltr'><strong><em>(sic)</em></strong></span> <span class='ocrx_word' id='word_1_395' title='bbox 2973 3032 3294 3112; x_wconf 86' lang='lat' dir='ltr'><strong><em>susceperit</em></strong></span> <span class='ocrx_word' id='word_1_396' title='bbox 3337 3034 3410 3093; x_wconf 92' lang='lat' dir='ltr'><strong><em>T.</em></strong></span> 
     </span>
    </p>

    <p class='ocr_par' dir='ltr' id='par_1_32' title="bbox 2297 3133 3575 3213">
     <span class='ocr_line' id='line_1_65' title="bbox 2297 3133 3575 3213; baseline 0.005 -22"><span class='ocrx_word' id='word_1_397' title='bbox 2297 3134 2401 3192; x_wconf 83' lang='lat'><strong>3¹.</strong></span> <span class='ocrx_word' id='word_1_398' title='bbox 2451 3141 2556 3193; x_wconf 87' lang='lat' dir='ltr'><strong><em>aut</em></strong></span> <span class='ocrx_word' id='word_1_399' title='bbox 2572 3141 2927 3213; x_wconf 85' lang='lat' dir='ltr'><strong><em>paupertate</em></strong></span> <span class='ocrx_word' id='word_1_400' title='bbox 2968 3133 3236 3212; x_wconf 79' lang='lat' dir='ltr'><strong><em>(omisso</em></strong></span> <span class='ocrx_word' id='word_1_401' title='bbox 3266 3133 3359 3200; x_wconf 86' lang='lat' dir='ltr'><strong><em>in)</em></strong></span> <span class='ocrx_word' id='word_1_402' title='bbox 3402 3136 3575 3197; x_wconf 81' lang='lat' dir='ltr'><strong>AFT.</strong></span> 
     </span>
    </p>

    <p class='ocr_par' dir='ltr' id='par_1_33' title="bbox 2296 3238 3663 3317">
     <span class='ocr_line' id='line_1_66' title="bbox 2296 3238 3663 3317; baseline 0.001 -18"><span class='ocrx_word' id='word_1_403' title='bbox 2296 3238 2401 3299; x_wconf 90' lang='grc'><strong><em>32.</em></strong></span> <span class='ocrx_word' id='word_1_404' title='bbox 2448 3238 2515 3298; x_wconf 91' lang='lat' dir='ltr'><strong><em>in</em></strong></span> <span class='ocrx_word' id='word_1_405' title='bbox 2547 3238 2937 3317; x_wconf 78' lang='lat' dir='ltr'><strong><em>potestatibus</em></strong></span> <span class='ocrx_word' id='word_1_406' title='bbox 2964 3238 3248 3317; x_wconf 74' lang='lat' dir='ltr'><strong><em>yerundis</em></strong></span> <span class='ocrx_word' id='word_1_407' title='bbox 3280 3238 3552 3300; x_wconf 85' lang='lat' dir='ltr'><strong><em>habuerit</em></strong></span> <span class='ocrx_word' id='word_1_408' title='bbox 3594 3242 3663 3302; x_wconf 92' lang='lat' dir='ltr'><strong><em>T.</em></strong></span> 
     </span>
    </p>

    <p class='ocr_par' dir='ltr' id='par_1_34' title="bbox 2206 3342 3667 3526">
     <span class='ocr_line' id='line_1_67' title="bbox 2294 3342 3667 3423; baseline 0.001 -22"><span class='ocrx_word' id='word_1_409' title='bbox 2294 3342 2444 3423; x_wconf 83' lang='lat' dir='ltr'><strong>Pag.</strong></span> <span class='ocrx_word' id='word_1_410' title='bbox 2499 3342 2599 3402; x_wconf 68' lang='lat'><strong><em>47.</em></strong></span> <span class='ocrx_word' id='word_1_411' title='bbox 2664 3346 2729 3403; x_wconf 65' lang='grc' dir='ltr'><strong>ν.</strong></span> <span class='ocrx_word' id='word_1_412' title='bbox 2787 3342 2839 3402; x_wconf 94' lang='grc'><strong><em>1.</em></strong></span> <span class='ocrx_word' id='word_1_413' title='bbox 2928 3342 3261 3403; x_wconf 88' lang='lat' dir='ltr'><strong><em>cuiusmodi</em></strong></span> <span class='ocrx_word' id='word_1_414' title='bbox 3318 3361 3484 3404; x_wconf 88' lang='lat' dir='ltr'><strong><em>mors</em></strong></span> <span class='ocrx_word' id='word_1_415' title='bbox 3538 3343 3667 3404; x_wconf 87' lang='lat' dir='ltr'><strong><em>eius</em></strong></span> 
     </span>
     <span class='ocr_line' id='line_1_68' title="bbox 2206 3441 3431 3526; baseline 0.002 -22"><span class='ocrx_word' id='word_1_416' title='bbox 2206 3446 2392 3526; x_wconf 78' lang='lat' dir='ltr'><strong><em>fuerit</em></strong></span> <span class='ocrx_word' id='word_1_417' title='bbox 2423 3463 2547 3506; x_wconf 88' lang='lat' dir='ltr'><strong><em>om.</em></strong></span> <span class='ocrx_word' id='word_1_418' title='bbox 2573 3445 2792 3510; x_wconf 88' lang='lat' dir='ltr'><strong>PAFT.</strong></span> <span class='ocrx_word' id='word_1_419' title='bbox 2832 3479 2907 3490; x_wconf 90' lang='lat'><strong><em>—·</em></strong></span> <span class='ocrx_word' id='word_1_420' title='bbox 2949 3441 3156 3526; x_wconf 81' lang='lat' dir='ltr'><strong><em>suerit]</em></strong></span> <span class='ocrx_word' id='word_1_421' title='bbox 3206 3455 3313 3507; x_wconf 88' lang='lat' dir='ltr'><strong><em>aut</em></strong></span> <span class='ocrx_word' id='word_1_422' title='bbox 3357 3449 3431 3508; x_wconf 83' lang='lat' dir='ltr'><strong>R.</strong></span> 
     </span>
    </p>

    <p class='ocr_par' dir='ltr' id='par_1_35' title="bbox 2213 3545 3663 3718">
     <span class='ocr_line' id='line_1_69' title="bbox 2300 3545 3663 3631; baseline 0.002 -21"><span class='ocrx_word' id='word_1_423' title='bbox 2300 3550 2384 3610; x_wconf 88' lang='lat'><strong>3..</strong></span> <span class='ocrx_word' id='word_1_424' title='bbox 2426 3545 2974 3631; x_wconf 83' lang='lat' dir='ltr'><strong><em>accommodandae]</em></strong></span> <span class='ocrx_word' id='word_1_425' title='bbox 3040 3550 3512 3613; x_wconf 87' lang='lat' dir='ltr'><strong><em>accommodatae</em></strong></span> <span class='ocrx_word' id='word_1_426' title='bbox 3584 3552 3628 3612; x_wconf 89' lang='lat' dir='ltr'><strong>F</strong></span> <span class='ocrx_word' id='word_1_427' title='bbox 3648 3597 3663 3622; x_wconf 90' lang='lat'><strong>,</strong></span> 
     </span>
     <span class='ocr_line' id='line_1_70' title="bbox 2213 3645 2789 3718; baseline 0.007 -4"><span class='ocrx_word' id='word_1_428' title='bbox 2213 3645 2677 3714; x_wconf 81' lang='lat' dir='ltr'><strong><em>considerandae</em></strong></span> <span class='ocrx_word' id='word_1_429' title='bbox 2719 3655 2789 3718; x_wconf 82' lang='lat' dir='ltr'><strong>R.</strong></span> 
     </span>
    </p>

    <p class='ocr_par' dir='ltr' id='par_1_36' title="bbox 2295 3756 3097 3820">
     <span class='ocr_line' id='line_1_71' title="bbox 2295 3756 3097 3820; baseline 0.004 -3"><span class='ocrx_word' id='word_1_430' title='bbox 2295 3757 2355 3818; x_wconf 74' lang='grc'><strong><em>4.</em></strong></span> <span class='ocrx_word' id='word_1_431' title='bbox 2401 3756 2655 3817; x_wconf 91' lang='lat' dir='ltr'><strong><em>modeste</em></strong></span> <span class='ocrx_word' id='word_1_432' title='bbox 2683 3765 2737 3817; x_wconf 90' lang='lat' dir='ltr'><strong><em>et</em></strong></span> <span class='ocrx_word' id='word_1_433' title='bbox 2774 3756 2944 3818; x_wconf 83' lang='lat' dir='ltr'><strong><em>aliud</em></strong></span> <span class='ocrx_word' id='word_1_434' title='bbox 2978 3757 3097 3820; x_wconf 89' lang='lat' dir='ltr'><strong><em>PT.</em></strong></span> 
     </span>
    </p>

    <p class='ocr_par' dir='ltr' id='par_1_37' title="bbox 2209 3857 3672 4666">
     <span class='ocr_line' id='line_1_72' title="bbox 2295 3857 3660 3949; baseline 0.004 -28"><span class='ocrx_word' id='word_1_435' title='bbox 2295 3861 2356 3925; x_wconf 86' lang='lat'><strong>5.</strong></span> <span class='ocrx_word' id='word_1_436' title='bbox 2392 3857 2823 3942; x_wconf 86' lang='lat' dir='ltr'><strong><em>praedicemus]</em></strong></span> <span class='ocrx_word' id='word_1_437' title='bbox 2866 3861 3138 3924; x_wconf 90' lang='lat' dir='ltr'><strong><em>dicamus</em></strong></span> <span class='ocrx_word' id='word_1_438' title='bbox 3171 3862 3392 3926; x_wconf 84' lang='lat' dir='ltr'><strong>PFRT.</strong></span> <span class='ocrx_word' id='word_1_439' title='bbox 3423 3897 3508 3910; x_wconf 94' lang='lat'><strong><em>—-</em></strong></span> <span class='ocrx_word' id='word_1_440' title='bbox 3543 3863 3660 3949; x_wconf 89' lang='lat' dir='ltr'><strong><em>sin]</em></strong></span> 
     </span>
     <span class='ocr_line' id='line_1_73' title="bbox 2211 3964 3665 4047; baseline 0.006 -24"><span class='ocrx_word' id='word_1_441' title='bbox 2211 3964 2267 4023; x_wconf 91' lang='lat' dir='ltr'><strong><em>si</em></strong></span> <span class='ocrx_word' id='word_1_442' title='bbox 2295 3964 2565 4026; x_wconf 88' lang='lat' dir='ltr'><strong>PBFRT.</strong></span> <span class='ocrx_word' id='word_1_443' title='bbox 2611 3998 2690 4008; x_wconf 89' lang='lat'>—</span> <span class='ocrx_word' id='word_1_444' title='bbox 2735 3965 3147 4045; x_wconf 86' lang='lat' dir='ltr'><strong><em>uituperamus</em></strong></span> <span class='ocrx_word' id='word_1_445' title='bbox 3179 3967 3257 4039; x_wconf 91' lang='lat' dir='ltr'><strong>P,</strong></span> <span class='ocrx_word' id='word_1_446' title='bbox 3298 3968 3665 4047; x_wconf 88' lang='lat' dir='ltr'><strong><em>uituperabi-</em></strong></span> 
     </span>
     <span class='ocr_line' id='line_1_74' title="bbox 2209 4067 3667 4134; baseline 0.005 -7"><span class='ocrx_word' id='word_1_447' title='bbox 2209 4084 2346 4127; x_wconf 89' lang='lat' dir='ltr'><strong><em>mus</em></strong></span> <span class='ocrx_word' id='word_1_448' title='bbox 2382 4069 2484 4129; x_wconf 88' lang='lat' dir='ltr'><strong><em>BR</em></strong></span> <span class='ocrx_word' id='word_1_449' title='bbox 2521 4074 2584 4129; x_wconf 83' lang='lat' dir='ltr'><strong><em>et</em></strong></span> <span class='ocrx_word' id='word_1_450' title='bbox 2621 4085 2786 4133; x_wconf 82' lang='lat' dir='ltr'><strong><em>corr.</em></strong></span> <span class='ocrx_word' id='word_1_451' title='bbox 2830 4067 2902 4130; x_wconf 83' lang='lat' dir='ltr'><strong>A.</strong></span> <span class='ocrx_word' id='word_1_452' title='bbox 2945 4101 3021 4114; x_wconf 90' lang='lat'><strong><em>-—</em></strong></span> <span class='ocrx_word' id='word_1_453' title='bbox 3068 4069 3235 4131; x_wconf 87' lang='lat' dir='ltr'><strong><em>aliud</em></strong></span> <span class='ocrx_word' id='word_1_454' title='bbox 3278 4070 3496 4134; x_wconf 87' lang='lat' dir='ltr'><strong><em>iniuste</em></strong></span> <span class='ocrx_word' id='word_1_455' title='bbox 3520 4104 3551 4118; x_wconf 92' lang='lat'>-</span> <span class='ocrx_word' id='word_1_456' title='bbox 3577 4106 3608 4119; x_wconf 90' lang='lat'>-</span> <span class='ocrx_word' id='word_1_457' title='bbox 3635 4106 3667 4118; x_wconf 96' lang='lat'>-</span> 
     </span>
     <span class='ocr_line' id='line_1_75' title="bbox 2211 4167 3672 4256; baseline 0.005 -27"><span class='ocrx_word' id='word_1_458' title='bbox 2211 4170 2380 4230; x_wconf 87' lang='lat' dir='ltr'><strong><em>aliud</em></strong></span> <span class='ocrx_word' id='word_1_459' title='bbox 2418 4167 2613 4251; x_wconf 81' lang='lat' dir='ltr'><strong><em>stulte]</em></strong></span> <span class='ocrx_word' id='word_1_460' title='bbox 2664 4170 2832 4232; x_wconf 85' lang='lat' dir='ltr'><strong><em>aliud</em></strong></span> <span class='ocrx_word' id='word_1_461' title='bbox 2874 4171 3209 4234; x_wconf 88' lang='lat' dir='ltr'><strong><em>immodeste</em></strong></span> <span class='ocrx_word' id='word_1_462' title='bbox 3251 4174 3420 4235; x_wconf 80' lang='lat' dir='ltr'><strong><em>aliud</em></strong></span> <span class='ocrx_word' id='word_1_463' title='bbox 3450 4175 3672 4256; x_wconf 75' lang='lat' dir='ltr'><strong><em>iynaue</em></strong></span> 
     </span>
     <span class='ocr_line' id='line_1_76' title="bbox 2211 4273 3666 4356; baseline 0.005 -23"><span class='ocrx_word' id='word_1_464' title='bbox 2211 4273 2379 4333; x_wconf 83' lang='lat' dir='ltr'><strong><em>aliud</em></strong></span> <span class='ocrx_word' id='word_1_465' title='bbox 2406 4274 2576 4334; x_wconf 80' lang='lat' dir='ltr'><strong><em>stulte</em></strong></span> <span class='ocrx_word' id='word_1_466' title='bbox 2616 4273 2660 4334; x_wconf 92' lang='lat' dir='ltr'><strong>P</strong></span> <span class='ocrx_word' id='word_1_467' title='bbox 2690 4280 2754 4335; x_wconf 77' lang='lat' dir='ltr'><strong><em>et</em></strong></span> <span class='ocrx_word' id='word_1_468' title='bbox 2778 4293 2870 4356; x_wconf 85' lang='lat' dir='ltr'><strong><em>pr.</em></strong></span> <span class='ocrx_word' id='word_1_469' title='bbox 2913 4275 2965 4335; x_wconf 86' lang='lat' dir='ltr'><strong>A</strong></span> <span class='ocrx_word' id='word_1_470' title='bbox 2985 4320 3002 4346; x_wconf 92' lang='lat'><strong>,</strong></span> <span class='ocrx_word' id='word_1_471' title='bbox 3046 4276 3214 4337; x_wconf 86' lang='lat' dir='ltr'><strong><em>aliud</em></strong></span> <span class='ocrx_word' id='word_1_472' title='bbox 3248 4278 3466 4339; x_wconf 86' lang='lat' dir='ltr'><strong><em>iniuste</em></strong></span> <span class='ocrx_word' id='word_1_473' title='bbox 3498 4279 3666 4340; x_wconf 84' lang='lat' dir='ltr'><strong><em>aliud</em></strong></span> 
     </span>
     <span class='ocr_line' id='line_1_77' title="bbox 2210 4376 3661 4457; baseline 0.006 -21"><span class='ocrx_word' id='word_1_474' title='bbox 2210 4377 2527 4438; x_wconf 87' lang='lat' dir='ltr'><strong><em>inmodeste</em></strong></span> <span class='ocrx_word' id='word_1_475' title='bbox 2577 4376 2746 4438; x_wconf 85' lang='lat' dir='ltr'><strong><em>aliud</em></strong></span> <span class='ocrx_word' id='word_1_476' title='bbox 2794 4378 3012 4457; x_wconf 75' lang='lat' dir='ltr'><strong><em>iqnaue</em></strong></span> <span class='ocrx_word' id='word_1_477' title='bbox 3059 4379 3228 4441; x_wconf 84' lang='lat' dir='ltr'><strong><em>aliud</em></strong></span> <span class='ocrx_word' id='word_1_478' title='bbox 3275 4382 3448 4443; x_wconf 85' lang='lat' dir='ltr'><strong><em>stulte</em></strong></span> <span class='ocrx_word' id='word_1_479' title='bbox 3506 4385 3555 4444; x_wconf 94' lang='lat' dir='ltr'><strong>T</strong></span> <span class='ocrx_word' id='word_1_480' title='bbox 3600 4391 3661 4445; x_wconf 84' lang='lat' dir='ltr'><strong><em>et</em></strong></span> 
     </span>
     <span class='ocr_line' id='line_1_78' title="bbox 2212 4481 3667 4566; baseline 0.006 -26"><span class='ocrx_word' id='word_1_481' title='bbox 2212 4498 2378 4545; x_wconf 79' lang='lat' dir='ltr'><strong><em>corr.</em></strong></span> <span class='ocrx_word' id='word_1_482' title='bbox 2407 4482 2461 4542; x_wconf 92' lang='lat' dir='ltr'><strong>A</strong></span> <span class='ocrx_word' id='word_1_483' title='bbox 2479 4526 2495 4550; x_wconf 90' lang='lat'><strong>,</strong></span> <span class='ocrx_word' id='word_1_484' title='bbox 2541 4481 2709 4543; x_wconf 86' lang='lat' dir='ltr'><strong><em>aliud</em></strong></span> <span class='ocrx_word' id='word_1_485' title='bbox 2739 4481 3054 4544; x_wconf 87' lang='lat' dir='ltr'><strong><em>inmodeste</em></strong></span> <span class='ocrx_word' id='word_1_486' title='bbox 3076 4483 3245 4545; x_wconf 85' lang='lat' dir='ltr'><strong><em>aliud</em></strong></span> <span class='ocrx_word' id='word_1_487' title='bbox 3263 4486 3479 4566; x_wconf 77' lang='lat' dir='ltr'><strong><em>iqnaue</em></strong></span> <span class='ocrx_word' id='word_1_488' title='bbox 3499 4487 3667 4549; x_wconf 80' lang='lat' dir='ltr'><strong><em>aliud</em></strong></span> 
     </span>
     <span class='ocr_line' id='line_1_79' title="bbox 2211 4585 3298 4666; baseline 0.001 -20"><span class='ocrx_word' id='word_1_489' title='bbox 2211 4586 2383 4646; x_wconf 83' lang='lat' dir='ltr'><strong><em>stulte</em></strong></span> <span class='ocrx_word' id='word_1_490' title='bbox 2423 4585 2590 4646; x_wconf 80' lang='lat' dir='ltr'><strong><em>atiud</em></strong></span> <span class='ocrx_word' id='word_1_491' title='bbox 2632 4586 2833 4666; x_wconf 84' lang='lat' dir='ltr'><strong><em>inique</em></strong></span> <span class='ocrx_word' id='word_1_492' title='bbox 2879 4586 2947 4647; x_wconf 88' lang='lat' dir='ltr'><strong>F.</strong></span> <span class='ocrx_word' id='word_1_493' title='bbox 3283 4589 3298 4596; x_wconf 83' lang='grc'><em>“</em></span> 
     </span>
    </p>

    <p class='ocr_par' dir='ltr' id='par_1_38' title="bbox 2210 4686 3662 4960">
     <span class='ocr_line' id='line_1_80' title="bbox 2294 4686 3662 4774; baseline 0.004 -23"><span class='ocrx_word' id='word_1_494' title='bbox 2294 4691 2354 4751; x_wconf 90' lang='grc'><strong><em>6.</em></strong></span> <span class='ocrx_word' id='word_1_495' title='bbox 2394 4689 2623 4769; x_wconf 81' lang='lat' dir='ltr'><strong><em>sactum</em></strong></span> <span class='ocrx_word' id='word_1_496' title='bbox 2658 4709 2780 4750; x_wconf 90' lang='lat' dir='ltr'><strong><em>esse</em></strong></span> <span class='ocrx_word' id='word_1_497' title='bbox 2823 4686 3113 4772; x_wconf 84' lang='lat' dir='ltr'><strong><em>dicamus]</em></strong></span> <span class='ocrx_word' id='word_1_498' title='bbox 3157 4693 3389 4772; x_wconf 83' lang='lat' dir='ltr'><strong><em>sactum</em></strong></span> <span class='ocrx_word' id='word_1_499' title='bbox 3421 4695 3662 4774; x_wconf 89' lang='lat' dir='ltr'><strong><em>praedi-</em></strong></span> 
     </span>
     <span class='ocr_line' id='line_1_81' title="bbox 2210 4793 3660 4879; baseline 0.004 -25"><span class='ocrx_word' id='word_1_500' title='bbox 2210 4811 2406 4854; x_wconf 84' lang='lat' dir='ltr'><strong><em>cemus</em></strong></span> <span class='ocrx_word' id='word_1_501' title='bbox 2446 4793 2522 4865; x_wconf 89' lang='lat' dir='ltr'><strong>P,</strong></span> <span class='ocrx_word' id='word_1_502' title='bbox 2578 4794 2806 4874; x_wconf 81' lang='lat' dir='ltr'><strong><em>sactum</em></strong></span> <span class='ocrx_word' id='word_1_503' title='bbox 2844 4814 2964 4857; x_wconf 88' lang='lat' dir='ltr'><strong><em>esse</em></strong></span> <span class='ocrx_word' id='word_1_504' title='bbox 3013 4795 3272 4859; x_wconf 88' lang='lat' dir='ltr'><strong><em>dicemus</em></strong></span> <span class='ocrx_word' id='word_1_505' title='bbox 3329 4796 3514 4869; x_wconf 85' lang='lat' dir='ltr'><strong>AFT,</strong></span> <span class='ocrx_word' id='word_1_506' title='bbox 3565 4799 3660 4879; x_wconf 81' lang='lat' dir='ltr'><strong><em>sa·</em></strong></span> 
     </span>
     <span class='ocr_line' id='line_1_82' title="bbox 2211 4897 3237 4960; baseline 0.003 -1"><span class='ocrx_word' id='word_1_507' title='bbox 2211 4905 2371 4959; x_wconf 88' lang='lat' dir='ltr'><strong><em>ctum</em></strong></span> <span class='ocrx_word' id='word_1_508' title='bbox 2410 4897 2670 4959; x_wconf 87' lang='lat' dir='ltr'><strong><em>dicemus</em></strong></span> <span class='ocrx_word' id='word_1_509' title='bbox 2711 4898 2783 4960; x_wconf 86' lang='lat' dir='ltr'><strong>R.</strong></span> <span class='ocrx_word' id='word_1_510' title='bbox 3227 4897 3237 4913; x_wconf 89' lang='grc'><strong>’</strong></span> 
     </span>
    </p>
   </div>
  </div>
 </body>
</html>
