4620 5864
1454 552 1559 617 AD
1602 551 1946 619 HERENN.
1997 553 2147 616 LlB.

753 731 817 816 3'.
862 754 1153 819 nonnemo
1186 751 1547 821 sensit-idem
1575 760 1810 833 togatus
1838 750 2118 825 PABRT,

666 873 791 919 non
832 858 1014 937 sensit
1052 856 1209 919 idem
1248 875 1418 918 nemo
1460 864 1696 938 toqatus
1736 857 1805 925 F.

750 961 814 1023 4.
862 961 1229 1040 intelliqetur
1272 961 1340 1021 P.-

751 1065 813 1128 5.
852 1060 1025 1146 ἰωὴ]
1049 1064 1189 1125 unis
1206 1064 1279 1126 F.
1308 1095 1391 1116 -·-
1420 1063 1741 1128 ducebatur
1768 1063 2021 1145 spiritus
2041 1064 2115 1124 R.

749 1168 810 1229 6.
853 1168 1161 1248 superiore
1230 1167 1508 1235 PAFRT.
1573 1201 1656 1237 -,
1719 1164 1839 1250 liic]
1908 1177 1961 1229 et
2021 1167 2123 1229 liic

662 1269 937 1335 PABRT.
1268 1330 1277 1341 .
1522 1337 1535 1352 ,

750 1375 814 1437 7.
863 1373 992 1436 illic
1034 1391 1161 1439 om.
1209 1374 1285 1436 B.
1319 1406 1397 1421 --
1428 1374 1758 1439 diminutus
1798 1374 1971 1437 ABF.

748 1479 813 1540 9.
859 1477 1048 1540 simili
1088 1477 1267 1541 uerbo
1310 1475 1635 1557 T.-(verbo
1679 1494 1808 1547 um.
1842 1478 1951 1556 F.)

751 1581 851 1644 10.
886 1577 1108 1663 parva]
1148 1588 1338 1662 prata
1379 1582 1447 1647 F.
1556 1584 1656 1645 11.
1704 1583 2002 1645 hominem
2040 1582 2114 1643 B.

750 1685 852 1747 13.
901 1681 1199 1766 traducta]
1248 1685 1565 1748 tractanda
1605 1687 1676 1752 F.

749 1788 849 1850 14.
876 1788 1299 1869 ¹transferetur
1339 1789 1409 1850 P.

749 1892 847 1954 15.
889 1909 958 1954 re
1000 1910 1128 1956 om.
1177 1892 1276 1955 FT
1321 1899 1385 1954 et
1427 1911 1524 1973 pr.
1571 1893 1648 1955 A.

750 1995 850 2057 16.
900 1995 1227 2076 transferri
1253 1996 1368 2058 erit
1395 1996 1526 2058 itur
1552 1997 1644 2060 rei
1672 2016 1771 2077 pr.
1805 1995 1872 2067 P,
1917 2002 2145 2058 trans-¹

655 2098 814 2178 ferri
867 2098 983 2160 erit
1038 2098 1231 2179 iqitur
1272 2099 1379 2160 'rei
1421 2118 1587 2163 corr.
1636 2098 1718 2173 P,
1767 2100 2110 2180 transferri.

659 2197 766 2263 Ea
806 2201 998 2281 iyitur
1039 2203 1131 2264 rei
1179 2203 1333 2265 FRT
1367 2208 1432 2267 et
1473 2220 1569 2285 pr.
1616 2201 1706 2276 A,
1766 2203 2109 2283 transferri.

650 2304 764 2367 Ea
801 2305 995 2385 &itur
1033 2306 1298 2371 sumitur
1338 2305 1430 2368 rei
1469 2306 1519 2367 B
1564 2311 1629 2367 et
1670 2324 1837 2369 corr.
1872 2307 2112 2371 AR..—

658 2426 843 2470 causa
877 2409 949 2488 fit
989 2409 1079 2470 sic
1122 2410 1193 2470 T.
1223 2441 1302 2452 —-
1331 2409 1602 2492 ltaliam]
1627 2410 1694 2471 in
1714 2409 1890 2472 italia
1912 2426 2008 2493 pt.
2038 2410 2107 2471 P.

748 2512 848 2575 18.
895 2502 1165 2575 extinxit
1204 2508 1512 2596 (extraxit
1551 2514 1600 2575 Β
1593 2512 1636 2593 )
1676 2512 1869 2576 subito
1897 2513 2114 2577 ciuita-

658 2624 773 2678 tem
814 2614 1139 2678 PABFRT.
1163 2649 1245 2661 —
1275 2635 1462 2677 causa
1503 2635 1632 2680 om.
1682 2618 1755 2679 T.

745 2721 844 2783 19.
895 2718 1239 2781 cottidianis
1278 2718 1408 2780 AT.
1432 2753 1515 2766 —-
1545 2720 1860 2783 delectetur
1886 2720 2009 2782 PB.
2028 2755 2111 2766 —

654 2823 883 2885 nullius
924 2822 1197 2903 uneforse
1239 2822 1555 2885 calamitas
1595 2842 1695 2908 pr.
1756 2823 1802 2885 P
1824 2871 1840 2894 ,
1884 2824 2110 2887 nullius

650 2926 822 3010 'uirbis
878 2926 1209 3010 calamitas·
1248 2926 1351 2988 FT
1406 2932 1469 2990 et
1525 2948 1691 2991 corr.
1740 2927 1816 3002 P,
1882 2929 2110 2991 nullius

652 3030 970 3093 uerborum
1012 3029 1472 3112 (superscripto
1515 3027 1739 3110 meror)
1778 3040 1831 3094 et
1859 3032 2111 3095 calami-

651 3140 746 3196 tas
787 3135 859 3207 A,
903 3134 1103 3196 nullus
1144 3152 1345 3197 meror
1388 3142 1441 3197 et
1483 3136 1802 3198 calamitas
1843 3136 1890 3197 B
1914 3183 1930 3210 ,
1972 3137 2110 3198 nul-

644 3236 772 3299 ·lius
811 3235 982 3299 urbis
1022 3235 1369 3320 (superscr.
1405 3257 1609 3302 meror
1651 3258 1689 3302 a
1731 3258 1855 3303 sec.
1900 3237 2011 3322 m.)
2054 3249 2107 3303 et

650 3341 967 3403 calamitas
1007 3341 1080 3403 R.

734 3446 839 3509 20.
886 3445 1189 3508 amicitias
1230 3446 1301 3510 F.
1360 3479 1443 3493 —
1490 3447 1900 3512 crudelitatem
1941 3456 2107 3513 satu-

647 3565 792 3613 rare
836 3547 1159 3614 PABFRT.

736 3654 841 3716 22.
889 3655 1215 3735 aspirauit.
1248 3653 1571 3718 Grauandi
1597 3674 1782 3718 causa
1807 3656 1917 3719 sic.
1961 3676 2105 3720 nam

650 3775 784 3820 cum
805 3777 979 3820 canes
1000 3759 1328 3839 [unqentur
1357 3759 1574 3839 officiis
1604 3760 1914 3841 lupom,
1958 3780 2104 3842 quo-

645 3878 792 3924 nam
832 3858 1149 3942 (quoniam
1190 3880 1286 3944 pr.
1331 3862 1451 3936 PF,
1506 3882 1798 3943 «quorum
1839 3864 1945 3926 uel
1986 3883 2102 3945 quo

649 3965 754 4027 uel
796 3967 931 4026 cui»
981 3983 1108 4047 mg.
1145 3966 1223 4044 F)
1256 3966 1565 4046 praesidio
1598 3986 1792 4046 pecua
1820 3965 2103 4048 (pecunia

648 4086 746 4153 pr.
794 4067 875 4147 F)
917 4068 1268 4131 credemus?
1321 4070 1443 4132 Per
1482 4078 1902 4152 aryumentum
1943 4080 2105 4152 trac-⁸

647 4180 816 4236 tatur
877 4172 1134 4236 ornandi
1198 4192 1384 4240 causa
1438 4175 1528 4236 sie
1589 4175 1706 4238 PF.
1788 4173 1968 4237 Conf.
2021 4175 2099 4239 ad

646 4292 711 4337 v.
760 4277 864 4338 30.
1744 4333 1751 4348 ,
1832 4341 1837 4350 ,

730 4378 837 4440 23.
886 4373 1242 4462 Aliquando]
1293 4378 1392 4441 Illi
1435 4379 1671 4460 quando
1712 4381 1784 4443 B.
1812 4412 1895 4426 --
1916 4375 2095 4462 vires]

645 4480 912 4543 rationes
959 4482 1105 4550 PBF
1169 4489 1232 4545 et
1302 4504 1401 4565 pr.
1469 4484 1545 4544 A.
1620 4516 1704 4529 —
1766 4485 2102 4547 nocentium

645 4583 847 4647 PABF
852 4588 922 4648 T.
948 4553 1432 4651 -Jessc'a‘rueram
1453 4587 1622 4659 PAF,
1648 4589 2005 4650 exaruerint
2022 4591 2093 4651 Β.

729 4688 836 4752 24.
885 4689 1237 4769 optimatum
1280 4691 1351 4753 T.
1408 4724 1488 4735 -
1540 4691 1850 4753 reuiruere
1890 4691 1992 4753 AF
2036 4698 2100 4754 et

2195 552 2298 617 IV.
2386 551 2556 618 CAP.
2605 552 2906 617 32—35.
3543 556 3649 643 §5

2195 750 2436 817 descunt
2482 752 2554 819 R.
2578 782 2657 795 -
2691 749 3007 833 pudentem
3034 747 3409 830 (prudentem
3450 751 3548 814 BF
3591 755 3655 812 et

2197 872 2363 918 corr.
2409 854 2489 933 P)
2529 855 2732 931 dicunt
2773 854 3134 941 PABFRT„

2280 959 2385 1019 25.
2435 960 2730 1039 rationem
2784 978 2883 1040 pr.
2931 958 3013 1031 P,
3073 958 3236 1021 ratio
3280 960 3326 1023 F
3371 964 3436 1021 et
3476 976 3645 1020 corr.

2195 1061 2265 1124 P.
2293 1093 2378 1106 —
2400 1061 2633 1123 deluctu
2675 1062 2743 1128 F.

2281 1166 2386 1227 26.
2434 1165 2580 1226 diss.
2627 1183 2757 1228 rem
2797 1173 3021 1228 transc.
3063 1162 3141 1227 T.

2279 1270 2386 1330 29.
2431 1287 2558 1330 una
2599 1277 2704 1330 aut
2748 1286 2875 1331 om.
2922 1269 3150 1333 PABR.

2280 1373 2386 1434 30.
2430 1372 2769 1454 frequenter
2809 1372 3021 1454 plures
3068 1373 3141 1435 T.
3215 1406 3292 1420 —-·
3364 1365 3646 1455 simplici]

2193 1475 2383 1537 simili
2424 1477 2528 1540 BR
2571 1483 2635 1538 et
2676 1494 2841 1541 corr.
2888 1477 2965 1537 A.
3000 1476 3376 1539 —oratione
3418 1477 3541 1539 PB.
3565 1510 3649 1523 —

2193 1579 2402 1641 ductae
2445 1579 2653 1641 sicum
2706 1580 2828 1659 (sic
2870 1599 3005 1642 cum
3047 1579 3241 1661 corr.)
3303 1600 3345 1643 a
3387 1598 3652 1661 persona

2198 1678 2440 1761 (mediis
2484 1682 2549 1743 h.
2599 1682 2644 1744 l.
2696 1680 2961 1765 omissis)
2996 1683 3065 1755 P,
3126 1682 3334 1746 ductae
3378 1683 3467 1746 sic
3506 1702 3651 1765 per-

2193 1805 2344 1848 sona
2386 1787 2453 1848 F.
2498 1782 2677 1848 Conf.
2728 1787 2806 1848 ad
2849 1805 2912 1848 v.
2957 1787 3061 1849 22.

2277 1891 2382 1952 31.
2431 1908 2613 1972 quum
2656 1908 2784 1952 om.
2833 1890 2906 1952 T.
2936 1930 3012 1942 --
3043 1885 3163 1971 cui]
3195 1891 3437 1955 cuinam
3473 1891 3646 1963 BRT,

2192 1994 2585 2074 —pecuaria
2622 1993 2749 2067 BT,
2787 1992 3068 2075 pecualia
3108 1996 3182 2058 R.
3214 2027 3298 2040 —
3320 1990 3642 2079 credemus]

2190 2098 2619 2179 committemus
2661 2097 2735 2158 R.
3193 2073 3212 2091 ⁰

2273 2201 2376 2264 32.
2421 2208 2722 2262 tractatur
2748 2198 2859 2261 sic.
2892 2218 3027 2261 cum
3056 2200 3129 2262 T.
3154 2234 3237 2247 -
3266 2209 3371 2264 aut
3393 2202 3518 2264 loco
3539 2211 3647 2265 aut

2189 2321 2255 2365 re
2297 2304 2526 2378 PABT,
2565 2312 2684 2367 -aut
2727 2324 2769 2367 a
2808 2305 2936 2367 loco
2979 2313 3085 2367 met
3127 2324 3192 2368 re
3234 2308 3303 2370 F.

2273 2409 2377 2470 33.
2426 2403 2704 2489 auqmli]
2753 2415 2858 2469 aut
2901 2408 3156 2490 auqendi
3200 2429 3366 2472 corr.
3416 2410 3489 2475 R.

2271 2511 2375 2587 34.
2423 2507 2699 2593 nitorem]
2745 2512 3105 2574 numitorem
3146 2516 3215 2584 T,
3261 2515 3648 2578 numitorem-
3755 2568 3760 2571 -

2185 2634 2296 2697 que
2339 2616 2386 2676 B
2433 2622 2495 2678 et
2539 2634 2704 2677 corr.
2752 2615 2825 2676 A.
2852 2615 3290 2685 —obsolutum
3333 2614 3461 2699 (sic)
3508 2619 3578 2680 F.

2269 2719 2369 2782 35.
2416 2718 2641 2781 dicitur
2685 2719 2757 2780 T.
2796 2748 2873 2761 -
2918 2714 3193 2800 illudens]
3232 2721 3499 2803 prudens
3540 2741 3637 2805 pr.

2184 2825 2254 2895 P,
2300 2821 2609 2902 impudens
2654 2841 2824 2884 corr.
2873 2821 2939 2894 P,
2985 2822 3486 2904 impudentemque
3515 2825 3636 2889 FT.

2182 2925 2467 3007 (illudens
2500 2925 2825 3008 prodiyum
2876 2934 2929 2988 et
2973 2924 3358 2988 luxuriosum
3398 2928 3473 2990 R.
3471 2925 3512 3008 )

2267 3031 2368 3093 36.
2415 3031 2760 3112 appellasset
2802 3029 3026 3092 PABF.
3074 3028 3260 3113 (dicat
3287 3050 3551 3112 parcum
3584 3041 3639 3097 et

2180 3133 2518 3216 diliyentem
2561 3130 2869 3215 apellando
2912 3129 3017 3214 R.)

2264 3238 2417 3321 Pag.
2468 3238 2571 3300 86.
2618 3254 2682 3300 V.
2730 3239 2788 3303 2.
2844 3243 3263 3318 arqumentum
3303 3237 3374 3301 P.
3407 3242 3637 3314 —sics

2187 3341 2352 3418 Quid
2394 3336 2503 3422 ait]
2552 3341 2643 3403 sic
2683 3340 2918 3423 quidem
2959 3348 3024 3403 at
3066 3341 3383 3405 B.——re:c
3424 3344 3525 3407 liic
3567 3349 3635 3409 T.

2264 3446 2327 3507 3.
2376 3452 2551 3527 atque
2593 3464 2723 3509 om.
2769 3447 2841 3509 F.
2882 3477 2966 3491 —
3006 3440 3228 3528 noster]
3275 3466 3397 3510 non
3435 3458 3638 3514 noster

2179 3549 2249 3611 F.
2276 3583 2361 3595 —
2384 3548 2707 3611 credulitas
2748 3548 2869 3613 PT.

2261 3654 2323 3715 4.
2368 3649 2444 3735 si]
2492 3661 2557 3714 ut
2599 3653 2656 3714 si
2698 3651 3026 3717 PABFRT.
3050 3685 3134 3699 —
3158 3673 3330 3736 quem
3360 3654 3539 3736 pium
3565 3653 3631 3726 P,

2176 3757 2514 3838 quempiam
2575 3758 2629 3820 R
2692 3761 2757 3818 et
2816 3775 2917 3839 pr.
2989 3757 3062 3821 A.
3132 3755 3330 3839 (quem
3382 3758 3636 3839 impium

2178 3881 2344 3924 corr.
2378 3858 2488 3935 A.)
2531 3893 2614 3905 -
2658 3858 2996 3923 uerberarit
3037 3861 3362 3924 PABFRT.

2259 3966 2320 4028 5.
2364 3959 2722 4046 adulterum]
2755 3963 3114 4040 adulterum,
3161 3965 3267 4048 qui
3293 3973 3492 4028 castus
3513 3965 3635 4046 [uit

2176 4071 2247 4130 B.
2276 4100 2352 4110 --
2381 4067 2725 4150 yppolytum
2769 4067 2845 4142 A,
2884 4068 3216 4150 yppolitum
3255 4070 3438 4141 PBF,
3504 4070 3635 4151 ipo-

2174 4175 2348 4236 litum
2398 4172 2470 4232 T.

2258 4279 2322 4339 7.
2371 4276 2825 4339 exornationem
2878 4276 3050 4340 PBR.
3099 4309 3183 4322 —
3226 4284 3626 4340 transeamus.

2176 4382 2259 4444 M.
2333 4380 2491 4442 Tulli
2550 4380 2854 4443 Ciceronis
2906 4380 2986 4442 ad
3038 4381 3386 4443 herennium
3428 4380 3530 4442 lib.
3588 4380 3642 4442 V

2174 4484 2441 4564 explicit.
2484 4483 2705 4565 Incipit
2763 4484 2861 4546 lib.
2919 4484 3011 4548 VI.
3068 4484 3433 4547 Distributio
3477 4484 3523 4546 P
3567 4489 3631 4548 et

2175 4587 2466 4650 similiter
2509 4588 2576 4654 F.
3543 4658 3553 4673 ‚

2256 4692 2320 4752 9.
2366 4710 2504 4753 cum
2533 4691 2745 4773 plures
2787 4692 2834 4753 Β
2882 4696 2946 4754 et
2987 4711 3086 4774 pr.
3128 4691 3195 4764 P,
3239 4710 3376 4755 cum
3404 4691 3471 4753 in
3485 4691 3624 4773 plu-

648 4785 966 4877 (quattuor
1005 4791 1118 4853 ult.
1166 4789 1285 4857 litt.
1332 4792 1398 4858 in
1441 4791 1677 4877 rasura)
1735 4795 1813 4868 P,
1874 4796 2099 4859 reuiri-
2171 4813 2266 4859 res
2308 4795 2464 4859 AFR
2507 4801 2572 4859 et
2612 4813 2776 4859 corr.
2825 4794 2894 4857 P.
