4620 5864
1009 627 1115 700 28

1096 832 1160 893 6.
1207 836 1445 892 utemur
1491 831 1561 891 F.

1859 632 2040 697 VAR.
2085 632 2314 698 LECT.
2361 606 2466 696 AD
2513 630 3146 698 RHETomconuM·

2627 831 2772 912 Peg.
2803 831 2909 894 45.
2959 849 3021 894 v.
3061 830 3119 893 1.
3208 830 3462 895 audiunt
3502 834 3577 897 R.
3612 863 3694 878 —-
3735 833 3997 900 dicemus

1095 935 1157 997 8.
1206 930 1457 1016 nedeos]
1490 935 1732 996 idoneos
1758 935 1984 1006 PAFT,
2029 933 2167 995 deos
2195 933 2466 1013 (omisso
2543 953 2671 998 om.
2716 934 3038 999 PABFRT.

1008 1035 1107 1114 ne)
1134 1040 1223 1101 Β.
1256 1067 1333 1079 --
1380 1034 1520 1119 esse]
1569 1057 1691 1100 nou
1732 1057 1852 1100 esse
1883 1038 2086 1099 AFRT
2119 1044 2181 1100 et
2209 1052 2373 1101 corr.
2396 1038 2466 1105 P.

1010 1175 1091 1186 —-
1136 1138 1236 1223 iis]
1287 1162 1383 1203 cos
1426 1142 1663 1212 PAFT,
1708 1141 1806 1202 his
1846 1142 1917 1207 B.
1963 1174 2046 1187 -
2078 1142 2352 1221 periculo
2389 1143 2459 1205 F.

1009 1278 1092 1292 -
1134 1246 1379 1307 mittunt
1421 1264 1584 1308 corr.
1615 1249 1696 1318 R,
1740 1226 1976 1306 mutant
2017 1245 2087 1307 F.

1100 1350 1198 1412 10.
1233 1357 1570 1430 praeponat
1612 1350 1657 1411 F
1702 1354 1763 1410 et
1805 1366 1970 1411 corr.
2014 1347 2086 1411 A.
2130 1383 2212 1395 —
2275 1351 2468 1412 ratio-

1010 1474 1144 1517 nem
1187 1473 1316 1518 om.
1354 1457 1425 1516 T.
1460 1487 1539 1499 —-
1585 1461 1822 1515 utemur
1864 1454 1933 1516 F.
2158 1494 2169 1513 ,ι

1099 1560 1199 1620 11.
1246 1557 1336 1620 vel
1380 1553 1518 1639 dol.]
1582 1567 1636 1619 et
1678 1557 1775 1619 uel
1815 1557 1933 1619 dol.
1978 1559 2048 1620 B.
2091 1591 2176 1604 —-
2231 1559 2288 1619 is
2330 1576 2460 1622 om.

1008 1662 1234 1724 PAFT.

1098 1767 1198 1830 12.
1241 1764 1522 1846 formidet
1545 1767 1613 1827 T.
1645 1798 1727 1810 —
1771 1760 2070 1846 leviorem]
2106 1765 2360 1827 livorem
2391 1768 2458 1828 F.

1097 1869 1195 1933 13.
1238 1888 1388 1950 quae
1430 1882 1527 1930 res
1569 1868 1650 1930 sit
1692 1886 1857 1932 corr.
1893 1869 1960 1930 P.

1098 1975 1199 2035 14.
1249 1968 1391 2054 esse]
1439 1981 1524 2034 est
1569 1990 1737 2034 corr.
1772 1975 1840 2037 P.

1096 2079 1197 2141 15.
1243 2083 1565 2139 uenturum
1607 2078 1655 2137 Τ
1715 2082 1777 2138 et
1826 2094 1923 2159 pr.
1971 2077 2040 2137 P.
2100 2110 2182 2123 -
2247 2077 2466 2138 uirtuti

1008 2182 1056 2244 F
1086 2189 1149 2244 et
1181 2199 1348 2244 corr.
1386 2182 1455 2242 P.
1506 2214 1588 2226 —
1647 2176 1759 2261 vel]
1804 2181 1983 2241 etiam
2024 2181 2098 2241 R.
2151 2215 2234 2227 —
2276 2179 2460 2264 ultro]

1009 2294 1151 2349 utra
1194 2304 1291 2369 pr.
1327 2286 1402 2358 P,
1445 2285 1615 2346 ultra
1658 2287 1703 2346 B
1750 2291 1812 2346 et
1846 2302 2017 2347 corr.
2053 2285 2122 2345 P.

1098 2393 1200 2451 16.
1252 2389 1331 2451 ad
1373 2407 1500 2453 om.
1543 2389 1664 2450 PB.

1100 2494 1200 2557 18.
1250 2493 1563 2556 incolomis
1603 2495 1826 2555 PABT.

1102 2598 1201 2659 18.
1252 2598 1330 2658 sit
1375 2615 1502 2659 om.
1547 2598 1873 2660 PABFRT.

1103 2701 1200 2763 19.
1239 2702 1434 2781 possit
1478 2704 1549 2763 T.

1093 2806 1198 2868 20.
1245 2801 1388 2888 nisi]
1422 2804 1486 2867 si
1501 2824 1601 2891 pr.
1628 2805 1695 2877 P,
1740 2805 1841 2867 sed
1861 2805 1982 2868 FT.
2009 2801 2154 2889 (nisi
2185 2823 2348 2867 corr.
2365 2801 2466 2886 P.)

1010 2944 1094 2956 —
1138 2906 1311 2993 quod]
1359 2911 1463 2992 qui
1506 2911 1576 2972 B.
1617 2944 1700 2956 —
1743 2910 1810 2971 in
1853 2928 1979 2974 om.
2015 2909 2289 2972 PBFRT.

1094 3015 1198 3076 21.
1236 3015 1614 3095 proferemus
1656 3014 1757 3074 AF
1809 3018 1872 3075 et
1921 3031 2087 3076 corr.
2136 3016 2221 3085 P,
2261 3014 2466 3094 prose-

1012 3136 1220 3179 ramus
1250 3120 1322 3180 T.
1373 3117 1675 3199 (proferre
1718 3136 1813 3201 pr.
1851 3116 1959 3196 P.)

1095 3223 1199 3283 25.
1249 3231 1600 3302 comparata
1641 3222 1866 3283 PAFT.
1922 3255 2004 3268 ·-
2071 3228 2467 3284 externarum

1013 3342 1217 3387 rerum
1259 3327 1382 3388 BR.

1097 3430 1203 3491 26.
1254 3430 1557 3509 corporis,
1602 3425 1812 3509 animi]
1863 3430 2137 3508 corporis
2179 3438 2233 3490 et
2275 3430 2468 3491 animi

1012 3551 1179 3596 corr.
1216 3534 1306 3606 A,
1350 3541 1404 3595 et
1447 3534 1719 3613 corporis
1761 3540 1814 3594 et
1857 3533 2049 3593 animi
2092 3533 2217 3593 ΒΤ.
2270 3567 2354 3580 —-
2398 3553 2467 3595 ea

1012 3645 1149 3699 sunt
1194 3638 1264 3699 T.

1093 3742 1199 3803 27.
1248 3736 1373 3822 aut]
1421 3760 1502 3802 an
1543 3740 1617 3800 R.
1655 3772 1729 3785 ·-
1766 3746 2039 3819 possunt.
2085 3757 2268 3819 qenus
2310 3740 2410 3800 AF
2415 3741 2464 3801 T

1011 3851 1073 3908 et
1103 3863 1198 3928 pr.
1236 3845 1308 3915 P,
1344 3852 1620 3924 possunt.
1659 3842 1815 3923 quod
1855 3860 2037 3922 qenus
2080 3860 2245 3905 corr.
2275 3842 2344 3903 P.

1096 3950 1199 4011 28.
1251 3948 1524 4009 ciuitates
1566 3949 1640 4009 R.

1098 4053 1202 4114 29.
1251 4052 1346 4113 his
1389 4051 1701 4112 contraria
1745 4046 2007 4129 (omisso
2035 4050 2205 4130 sunt)
2246 4051 2463 4123 PBFT,

1012 4163 1151 4218 sunt
1193 4155 1507 4217 contraria
1549 4155 1646 4216 his
1689 4157 1764 4218 R.

1099 4261 1203 4322 30.
1253 4267 1317 4319 ut
1363 4277 1489 4320 om.
1524 4259 1853 4320 PABFRT.

1099 4364 1203 4424 31.
1252 4372 1390 4423 sunt
1432 4364 1745 4424 contraria
1788 4363 1858 4424 Τ.

1100 4467 1205 4528 32.
1252 4475 1320 4527 ut
1363 4484 1488 4528 om.
1524 4466 1745 4528 PAFT.

1097 4571 1200 4632 33.
1250 4576 1387 4632 sunt
1430 4570 1743 4630 contraria
1788 4573 1859 4632 T.

1097 4676 1202 4736 34.
1253 4683 1307 4735 et
1364 4674 1686 4755 confutatio
1744 4691 1869 4736 om.
1910 4673 2081 4735 PAF.
2130 4707 2213 4720 —
2276 4674 2466 4755 iqitur

1015 4795 1142 4839 om.
1180 4778 1401 4839 PAFT.

1099 4882 1200 4945 35.
1222 4882 1480 4944 sumitur
1496 4884 1559 4954 P,
1576 4890 1851 4945 sumatur
1866 4885 2014 4949 B.·-
2028 4883 2332 4964 loquimur
2342 4884 2464 4952 ΒΤ.

2625 1039 2688 1100 2.
2735 1039 3101 1101 necessitatis
3144 1041 3215 1103 T.
3806 1090 3809 1094 Α

2626 1143 2688 1204 3.
2737 1143 3077 1204 huiusmodi
3118 1144 3240 1207 AF.
3291 1177 3376 1190 —-
3438 1144 3666 1207 uirtute
3718 1147 3797 1208 sit
3842 1150 3889 1210 R
3934 1155 3999 1211 et

2541 1264 2639 1329 pr.
2684 1247 2767 1317 P,
2811 1247 3068 1308 uirtutes
3109 1247 3229 1308 sint
3270 1248 3371 1309 AF
3401 1254 3463 1311 et
3490 1264 3656 1315 corr.
3696 1248 3830 1313 ead.
3864 1270 3995 1314 ma·

2545 1370 2629 1412 nu
2654 1353 2719 1413 P.
2754 1384 2838 1396 —
2866 1350 3106 1412 debeant
3128 1370 3591 1415 commemorare
3605 1354 3675 1416 B.
3699 1387 3785 1402 —
3825 1353 3988 1438 velle]

2541 1454 2607 1515 in
2650 1474 2715 1516 eo
2757 1454 2904 1516 uelle
2946 1458 3020 1517 R.

2627 1554 2688 1620 4.
2738 1567 2843 1620 aut
2888 1576 3015 1620 om.
3050 1557 3371 1621 PABFRT.
3405 1592 3489 1605 --
3532 1556 3632 1642 sit]
3682 1571 3767 1624 est
3809 1564 3882 1624 T.
3913 1597 3993 1607 —

2540 1657 2639 1743 eoe]
2676 1670 2782 1740 aut
2809 1680 2888 1722 ex
2918 1662 3198 1725 ABFRT.
3235 1693 3315 1707 —-
3359 1663 3557 1743 qualis
3587 1661 3797 1746 ipsius]
3846 1685 3996 1746 qua-

2541 1765 2618 1825 lis
2661 1766 2855 1845 ipsius
2894 1765 2990 1827 uel
3029 1773 3229 1828 noster
3269 1783 3369 1849 pr.
3404 1770 3488 1838 R,
3557 1769 3755 1848 qualis
3794 1778 3996 1831 noster

2541 1885 2705 1930 corr.
2739 1872 2820 1939 R,
2864 1869 3063 1949 qualis
3103 1875 3303 1932 noster
3346 1871 3537 1949 ipsius
3575 1874 3647 1932 T.

2624 1974 2686 2033 5.
2736 1967 2867 2053 Sin]
2917 1971 2990 2033 Si
3030 1972 3357 2036 PABFRT.
3404 2006 3488 2021 -
3540 1970 3807 2057 tractati]
3856 1994 3994 2039 con-

2540 2063 2900 2139 tractat-211.

2626 2180 2688 2239 6.
2737 2197 2942 2240 sumus
2984 2178 3258 2242 PAFRT.

2627 2284 2688 2343 7.
2737 2279 2912 2364 quod]
2959 2284 3104 2363 quia
3140 2284 3214 2344 B.
3247 2315 3332 2330 -
3364 2285 3560 2365 placet
3589 2287 3659 2347 R.
3691 2320 3776 2333 —-
3818 2284 3991 2371 quid]

2542 2386 2698 2468 quod
2737 2387 2960 2448 PABF.
3527 2422 3530 2427 -

2563 2542 2568 2547 .
2626 2490 2688 2552 8.
2736 2486 3064 2573 displiceat]
3113 2491 3353 2573 placeat
3399 2509 3497 2576 pr.
3533 2492 3602 2555 P.
3661 2530 3741 2543 --
3801 2495 3993 2578 loqui-

2542 2612 2681 2655 mur
2721 2597 2847 2658 ΒΤ.

2628 2699 2688 2761 9.
2731 2699 2931 2761 uereri
2970 2718 3079 2761 nos
3134 2695 3395 2780 (omisso
3433 2696 3717 2782 dicemus)
3761 2701 3990 2775 PAFT,

2541 2803 2803 2864 dicemus
2844 2804 3047 2865 uereri
3084 2823 3197 2865 nos
3226 2804 3274 2865 B
3291 2851 3307 2875 ,
3349 2804 3614 2866 dicemus
3645 2824 3755 2867 nos
3796 2808 3996 2869 uereri

2543 2911 2616 2972 R.
2653 2943 2736 2954 —
2779 2916 2844 2970 ut
2873 2905 3059 2990 illius]
3109 2908 3321 2971 utilius
3362 2909 3565 2992 pr.‚P.

2633 3015 2732 3075 10.
2770 3009 3095 3095 possimus]
3135 3032 3256 3074 non
3273 3014 3579 3093 possimus
3606 3016 3652 3076 F
3653 3018 3705 3077 R
3735 3021 3800 3077 et
3826 3032 3988 3077 corr.

2543 3118 2612 3178 P.
2635 3151 2717 3163 —
2745 3136 2944 3178 omnes
2974 3135 3100 3179 om.
3126 3117 3346 3178 PAFT.
3370 3148 3447 3160 —
3477 3117 3738 3178 hominis
3758 3118 3913 3179 AFT
3932 3127 3994 3181 et

2544 3239 2708 3284 corr.
2730 3223 2798 3283 P.
2836 3254 2918 3266 —
2951 3220 3302 3300 praedicari
3332 3221 3451 3282 FT.
3486 3254 3570 3264 —
3611 3222 3895 3301 oportebit
3923 3225 3991 3284 B.

2631 3328 2732 3389 11.
2779 3321 2911 3407 Sin]
2981 3325 3052 3388 Si
3104 3325 3429 3387 PABFRT.
3482 3358 3566 3370 —
3618 3315 3996 3405 uituperaui-

2544 3449 2676 3492 mus
2727 3430 2795 3491 F.

2636 3535 2729 3595 12.
2773 3533 3042 3594 uidemus
3082 3533 3363 3595 PABRT.
3419 3565 3503 3577 —
3558 3534 3903 3595 contrariae
3944 3534 3990 3594 F

2545 3643 2608 3699 et
2647 3653 2747 3721 pr.
2794 3636 2871 3708 P,
2939 3637 3254 3698 contraria
3293 3638 3399 3699 BR
3439 3642 3500 3698 et
3540 3653 3707 3699 corr.
3738 3637 3805 3703 P.
3893 3637 3991 3714 (ln
4113 3723 4117 3726 ι

2544 3745 2596 3804 R
2640 3738 3130 3824 superscriptum
3174 3745 3269 3802 cst
3309 3740 3664 3818 contrarie.)

2631 3847 2732 3908 13.
2771 3845 2960 3925 paulo
3002 3858 3127 3907 om.
3158 3862 3258 3927 pr.
3293 3845 3367 3906 A.

2632 3951 2730 4011 14.
2760 3936 2836 4009 ἐἰ
2878 3966 3004 4010 om.
3054 3947 3123 4009 P.
3186 3979 3259 3993 --
3330 3943 3471 4031 non]
3540 3949 3687 4010 noui
3750 3966 3847 4030 pr.
3910 3949 3987 4020 P,

2541 4054 2688 4114 noui
2726 4052 2881 4113 nihil
2923 4069 3087 4114 corr.
3121 4051 3201 4123 P,
3267 4052 3457 4114 nichil
3497 4054 3643 4114 noui
3681 4055 3763 4123 B,
3837 4051 3992 4114 nihil

2540 4157 2686 4218 noui
2727 4156 2882 4217 nihil
2923 4157 2993 4217 F.
3030 4185 3104 4196 -·-
3154 4152 3406 4237 iyn'otos]
3454 4157 3702 4237 iynaros
3744 4157 3815 4218 T.

2630 4263 2730 4323 15.
2777 4260 3092 4322 laudamus
3120 4262 3193 4322 R.
3229 4294 3311 4303 —
3355 4279 3476 4321 esse
3507 4278 3634 4322 om.
3667 4259 3989 4324 PABFRT.

2627 4360 2984 4446 mxi-quoti]
3032 4365 3239 4443 iynari
3279 4366 3352 4424 T.

2632 4469 2727 4529 17.
2770 4464 2912 4549 sint]
2961 4475 3097 4528 sunl
3140 4469 3210 4529 R.
3242 4497 3324 4510 -—
3369 4468 3473 4548 qui
3502 4466 3779 4528 laudatus
3800 4468 3988 4548 suerit

2542 4572 2770 4640 PAFT,
2815 4572 2919 4652 qui
2947 4569 3233 4631 laudatur
3253 4571 3439 4651 suerit
3469 4571 3542 4632 R.

2629 4674 2728 4736 18.
2777 4671 2876 4756 iis]
2912 4674 3009 4735 his
3035 4675 3260 4735 ABFT.
3292 4706 3370 4720 —-
3415 4674 3593 4735 huius
3615 4670 3800 4756 sacta]
3824 4675 3992 4755 sacta

2540 4778 2720 4840 huius
2749 4782 2825 4849 R,
2867 4779 3033 4859 sacta
3060 4778 3240 4838 huius
3261 4779 3412 4859 sacti
3438 4778 3508 4838 F.

2628 4883 2731 4944 20.
2779 4901 2889 4944 nos
2931 4902 3051 4945 esse
3094 4899 3218 4945 om.
3249 4885 3296 4946 B
3345 4887 3405 4945 et
3443 4898 3538 4966 pr.
3567 4880 3637 4946 P.
3684 4916 3766 4929 -
3810 4876 3982 4962 quod]
