4620 5864
1394 645 1511 708 ΑΠ’
1545 646 1894 711 HERENN.
1945 647 2097 711 Lm.
2146 648 2255 711 111.
2349 647 2516 711 CAP.
2564 648 2776 710 2—5.

712 854 773 915 3.
818 843 1181 931 ostendatur]
1231 846 1508 911 uideatur
1549 846 1596 908 F
1616 892 1632 917 ‚
1699 864 1850 927 quae
1893 852 2084 907 osten-

626 955 852 1018 dantur
893 975 989 1035 pr.
1026 953 1093 1014 P.

3508 645 3616 716 2⁶²

2240 847 2347 908 23.
2396 841 2625 926 iisdem]
2672 844 2896 908 hisdem
2926 845 3212 916 PAFRT,
3257 844 3611 909 isdemB.—-

2155 946 2511 1032 rationibus]
2550 949 3009 1012 tractationibus
3029 950 3103 1010 R.
3138 981 3221 994 —
3265 948 3610 1011 iudicialem

710 1060 772 1121 4.
819 1055 1179 1121 contradicit
1200 1056 1270 1115 B.
1302 1083 1376 1095 —-
1411 1054 1653 1116 uocauit
1673 1053 1777 1115 BR
1806 1058 1868 1116 et
1897 1070 1993 1135 pr.
2011 1051 2077 1124 P,
2153 1073 2399 1115 causam
2442 1071 2536 1136 pr.
2562 1054 2608 1115 P
2628 1100 2644 1127 ‚
2692 1053 2973 1115 iudiciale
3015 1071 3200 1114 causa
3241 1070 3404 1115 corr.
3436 1052 3506 1114 P.

624 1162 860 1225 uocabit
901 1161 1055 1223 AFT
1098 1165 1162 1220 et
1204 1176 1365 1221 corr.
1395 1156 1465 1219 P.

714 1269 775 1328 5.
811 1281 1080 1347 paruam
1122 1263 1194 1324 B.

712 1371 775 1432 6.
824 1388 944 1430 esse
986 1384 1114 1430 om.
1152 1367 1225 1427 R.

711 1475 772 1535 ’1.
817 1479 961 1533 esset
1002 1458 1270 1532 dicet'T.

709 1576 772 1638 8.
820 1594 941 1636 esse
984 1592 1111 1636 om.
1147 1574 1276 1637 AR.
1335 1606 1417 1619 -
1470 1563 1904 1652 fortitudinem]
1947 1569 2079 1649 sor-

622 1678 910 1740 midinem
951 1697 1049 1758 pr.
1083 1674 1155 1739 B'.
1885 1736 1898 1749 ,

706 1783 769 1843 9.
818 1776 1224 1862 temeritatem]
1271 1781 1585 1842 ueritatem
1625 1795 1725 1861 pr.
1766 1778 1839 1839 B.

709 1887 807 1947 10.
856 1885 1491 1946 commemorationem.
1525 1883 1635 1943 hoc
1659 1899 1783 1942 non
1811 1897 1877 1941 eo
1902 1878 2075 1940 modo

2237 1158 2344 1218 24.
2394 1154 2647 1239 ratione]
2694 1156 3048 1219 narratione
3090 1159 3163 1219 R.

2240 1261 2345 1321 26.
2393 1260 2715 1349 hon-estam.
2747 1267 3061 1339 utrumque
3093 1279 3159 1339 p.
3192 1278 3249 1321 o.
3283 1260 3341 1321 si
3375 1267 3611 1321 utrum—

2154 1383 2263 1444 que
2306 1362 2375 1425 P.
2413 1397 2489 1409 -
2536 1364 2833 1425 ostendere
2864 1363 3201 1443 poterimus
3241 1364 3312 1424 B.

2238 1468 2343 1528 27.
2386 1467 2740 1547 pollicemur
2781 1468 2879 1529 FR
2924 1474 2986 1527 et
3029 1484 3127 1549 pr.
3165 1465 3240 1526 Α.
3274 1499 3358 1511 -
3399 1462 3516 1547 sin]
3553 1467 3609 1529 si

2153 1575 2221 1634 B.
2268 1605 2353 1615 ——
2413 1570 2880 1632 demonstraturi
2937 1569 3194 1639 erimus,
3258 1569 3611 1649 simpliciter

2154 1694 2278 1738 om.
2322 1676 2546 1736 PAFT.
2582 1707 2662 1717 —
2707 1675 2934 1735 erimus
2975 1672 3443 1735 demonstraturi
3471 1668 3607 1737 BR.

2234 1780 2340 1842 28.
2389 1774 2489 1860 At]
2535 1786 2642 1838 aut
2684 1778 2907 1844 PAFT.

2234 1883 2340 1944 29.
2390 1880 2708 1964 rationem]
2758 1881 3058 1962 reqionem
3102 1882 3173 1942 B.
3223 1912 3306 1928 —-
3370 1879 3608 1944 dixeri-

622 1987 773 2065 (non
815 1988 1117 2050 commodo
1152 1987 1240 2067 A)
1282 1982 1718 2067 separauinius.
1767 1991 1836 2044 ut
1866 1990 2077 2063 partes
2151 2005 2283 2047 mus
2333 1988 2401 2048 T.

622 2111 770 2173 quae
814 2092 961 2153 PAF
978 2134 998 2166 ,
1046 2089 1678 2152 commemorationem.
1723 2087 1835 2149 hoc
1868 2105 1979 2148 nos
2008 2107 2074 2149 eo

620 2196 1035 2277 separauimus
1075 2215 1114 2256 a
1155 2204 1337 2256 recto.
1385 2211 1507 2253 non
1563 2190 1719 2272 quod
1758 2190 1870 2252 hae
1913 2192 2068 2252 IIII.

2234 2090 2340 2152 30.
2387 2089 2629 2151 dicendo
2672 2090 2745 2151 A.
2779 2121 2861 2135 —
2906 2089 2997 2151 rei
3037 2088 3332 2151 dilucidae
3370 2090 3607 2171 maqni-

2144 2192 2383 2273 licanda
2425 2212 2609 2255 causa
2651 2192 2697 2253 P
2713 2235 2731 2266 ‚
2786 2193 2878 2255 rei
2919 2192 3332 2256 dilucidandae
3372 2193 3610 2274 maqni-

607 2307 818 2380 partes
846 2317 997 2379 quae
1024 2298 1101 2367 Β,
1147 2296 1780 2359 commemorationem.
1814 2294 1928 2356 hoc
1953 2313 2076 2355 non
2143 2296 2414 2376 ficandae
2471 2316 2655 2359 causa
2693 2315 2792 2380 pr.
2830 2295 2914 2366 A,
2987 2297 3078 2358 rei
3134 2296 3607 2376 maqnificandae

620 2422 685 2464 eo
728 2401 1137 2483 separabimus
1178 2420 1218 2462 a
1260 2408 1421 2462 recto
1462 2407 1531 2460 ut
1570 2399 1642 2459 he
1672 2405 1884 2477 partes
1924 2418 2075 2478 quae

618 2508 963 2587 (superscr.
1026 2522 1085 2566 ν.
1151 2503 1222 2564 he
1273 2510 1488 2582 partes
1554 2519 1744 2563 manu
1809 2500 1874 2562 S.
1932 2519 2071 2564 xlv.

617 2608 934 2685 ueritates)
984 2608 1068 2680 R,
1136 2605 1770 2695 commemorationem.
1832 2623 1954 2666 non
2007 2625 2073 2668 eo

617 2712 1035 2792 separauimus
1074 2717 1143 2771 ut
1176 2718 1386 2791 partes
1426 2728 1577 2789 quae
1620 2711 1693 2770 T.

709 2816 807 2876 12.
854 2814 1207 2877 uocabulum
1236 2814 1306 2873 B.
1343 2846 1425 2858 —
1459 2813 2073 2875 commemorationem

616 2918 762 2981 dare
804 2919 1029 2981 soleant
1072 2937 1166 3003 pr.
1196 2918 1242 2980 P
1261 2967 1276 2989 ‚
1328 2936 1541 2979 comm.
1574 2935 1697 2979 non
1735 2916 1881 2979 dare
1922 2917 2072 2981 sole-

615 3031 721 3084 ant
760 3023 915 3085 AFT
958 3029 1019 3085 et
1061 3041 1224 3085 corr.
1266 3022 1332 3088 P.

707 3128 807 3190 14.
856 3134 1144 3189 nascatur
1184 3127 1412 3189 ABFR.

707 3235 806 3295 15.
855 3239 1018 3293 recta
1061 3233 1226 3293 PFT.

705 3338 804 3398 16.
852 3331 1215 3417 duplicatur]
1272 3335 1560 3415 placatur
1611 3353 1711 3415 pr.
1745 3334 1791 3395 P
1809 3381 1826 3405 ,
1874 3333 2070 3414 placet

614 3439 716 3499 AF
763 3445 825 3500 et
868 3457 1030 3500 corr.
1065 3439 1139 3510 P,
1175 3439 1373 3519 placet
1413 3439 1612 3518 maqis
1649 3439 1722 3499 T.
1771 3436 2072 3518 (duplica-

617 3549 721 3602 tur
753 3560 786 3603 a
818 3539 1013 3604 multo
1043 3540 1396 3604 recentiore
1442 3559 1629 3603 manu
1662 3539 1766 3619 P.)
1795 3576 1877 3588 —
1922 3541 2071 3604 recti

613 3641 943 3726 appetendi]
970 3654 1123 3707 recte
1144 3645 1451 3725 appetendi
1474 3646 1546 3717 F,
1580 3653 1743 3708 recta
1764 3649 2069 3728 appetendi

614 3750 761 3810 recti
795 3750 865 3809 T.
903 3782 976 3795 —-
1023 3749 1300 3829 uoluptas
1326 3752 1379 3812 R
1411 3757 1469 3810 ot
1496 3768 1596 3829 pr.
1624 3750 1692 3812 B.
1720 3782 1802 3830 ··.··
1831 3751 2065 3814 demon-

613 3859 871 3913 stratum
913 3853 1029 3913 erit
1058 3852 1107 3912 T
1125 3899 1140 3921 ‚
1188 3854 1303 3914 erit
1340 3852 1861 3914 demonstrandum
1889 3855 2062 3917 PAF.

702 3956 797 4016 17.
843 3963 1069 4016 rectum
1131 3975 1252 4022 esse
1317 3956 1611 4018 laudabile
1674 3975 1794 4018 esse
1851 3958 1951 4019 FT
2007 3965 2069 4020 et

612 4073 707 4139 pr.
739 4057 808 4118 P.
856 4091 940 4103 —
980 4058 1485 4121 demonstrabitur
1527 4063 1597 4122 B.

704 4163 801 4222 18.
849 4181 998 4243 quac
1038 4159 1099 4244 a]
1148 4182 1266 4242 qua
1309 4165 1382 4224 T.
1418 4196 1502 4208 —
1543 4164 1831 4225 deteriori
1871 4168 1998 4229 RT.

703 4266 798 4325 19.
843 4264 915 4325 ab
959 4283 1083 4328 om.
1118 4266 1390 4329 PBFRT.
1446 4299 1521 4310 —
1566 4265 1886 4350 aliquibus]
1935 4270 2069 4350 qui·

612 4365 718 4425 bus
760 4387 853 4447 pr.
894 4368 962 4428 P.
1000 4399 1079 4412 —
1124 4370 1350 4430 civibus
1391 4389 1520 4432 om.
1554 4373 1628 4432 B.
1674 4405 1758 4417 —
1814 4369 2060 4455 exteris]

613 4472 919 4532 extraneis
961 4472 1045 4542 Β.
1090 4480 1146 4533 et
1187 4474 1397 4534 ceteris
1438 4477 1509 4538 R.

704 4572 806 4632 21.
853 4574 1076 4637 diuisio
1119 4578 1198 4637 sit
1241 4578 1509 4639 locorum
1550 4580 1617 4641 in
1657 4580 1931 4643 PBFRT.
1981 4614 2064 4627 --

613 4675 998 4754 aperiendum
1042 4687 1134 4743 est
1165 4668 1244 4752 T,
1289 4683 1633 4761 apperietur
1660 4685 1730 4749 F.
1760 4716 1842 4727 -
1885 4702 2064 4747 exor-

613 4778 713 4838 dio
759 4795 853 4860 pr.
891 4780 952 4842 P.

699 4882 807 4944 22.
857 4888 1138 4949 tractatio
1182 4887 1374 4951 tocius
1415 4890 1487 4951 B.

2150 2419 2335 2461 causa
2377 2416 2539 2462 corr.
2579 2402 2630 2461 A
2650 2444 2667 2475 ,
2714 2400 2807 2462 rei
2846 2399 3104 2462 dilucide
3132 2399 3603 2479 maynificandae

2150 2522 2335 2565 causa
2367 2504 2415 2565 B
2431 2549 2448 2575 ,
2493 2503 2585 2565 rei
2615 2503 2908 2565 dilucidae
2948 2501 3374 2584 maqnificandi
3416 2521 3602 2566 causa

2148 2607 2218 2669 F.
2255 2640 2339 2653 —
2381 2608 2584 2669 dolum
2625 2606 3049 2688 appellabimus
3091 2607 3160 2668 F.

2233 2712 2339 2774 31.
2389 2706 2708 2792 honestius]
2757 2710 3090 2772 honestiore
3129 2708 3417 2772 uocabulo
3462 2712 3512 2771 T
3542 2716 3606 2774 et

2148 2832 2313 2877 corr.
2360 2817 2431 2877 Β.
2487 2849 2572 2862 —-
2630 2814 3063 2896 appellauimus
3104 2831 3201 2898 pr.
3231 2814 3300 2875 B.
3361 2847 3446 2860 —-
3505 2810 3598 2896 Si]

2146 2919 2259 2982 Sin
2301 2921 2374 3000 R.

2233 3025 2339 3086 32.
2390 3024 2706 3086 sententiae
2750 3030 2974 3086 rectum
3003 3023 3075 3084 B.
3110 3050 3191 3065 —
3233 3016 3404 3104 recti]
3452 3030 3605 3085 recte

2146 3146 2239 3212 pr.
2287 3127 2355 3189 P.

2232 3232 2338 3294 33.
2386 3231 2442 3291 si
2483 3249 2603 3293 non
2643 3230 2966 3293 inciderint
3007 3233 3077 3294 R.
3117 3263 3200 3275 —
3249 3236 3388 3312 quot
3432 3237 3606 3292 erunt

2146 3353 2272 3398 om.
2300 3353 2395 3419 pr.
2421 3336 2496 3396 A.

2230 3440 2332 3501 34.
2378 3439 2453 3499 In
2497 3456 2622 3502 om.
2666 3437 2835 3499 PFT.
2887 3468 2969 3481 -
3031 3432 3287 3520 utemur]
3334 3444 3400 3498 ut
3442 3436 3600 3500 enim

2144 3562 2242 3622 pr.
2286 3543 2363 3614 P,
2407 3549 2664 3603 utemur.
2721 3542 2793 3604 Ut
2836 3541 2993 3603 enim
3036 3542 3109 3602 T.

2228 3729 2374 3810 Pag.
2443 3729 2550 3792 44.
2637 3747 2693 3791 v.
2745 3730 2803 3790 1.
2914 3724 3082 3811 locis]
3129 3729 3383 3806 ,nostris
3452 3729 3600 3810 locis

2145 3834 2342 3895 PABF
2362 3881 2377 3903 ‚
2422 3833 2570 3894 locis
2610 3832 2836 3894 nostris
2878 3834 2963 3903 R,
3007 3834 3204 3895 nostri
3246 3833 3364 3894 loci
3407 3834 3476 3896 T.
3518 3867 3596 3877 -

2141 3936 2368 3998 nostris
2397 3955 2524 3999 om.
2550 3936 2874 4000 PABFRT.
2908 3971 2988 3983 —
3020 3936 3412 4018 confirmandi
3431 3944 3592 3999 sunt.

2143 4040 2230 4100 ita
2272 4041 2571 4102 contrarii
2613 4048 2750 4103 sunt
2793 4040 3137 4120 confutandi
3181 4042 3252 4103 T.

2226 4153 2288 4213 2.
2338 4153 2686 4214 tractandae
2728 4153 3049 4234 artificiose
3093 4156 3165 4215 R.

2224 4265 2285 4326 3.
2320 4261 2574 4347 petetur]
2624 4266 2785 4327 ratio
2818 4274 3053 4346 petetur
3094 4268 3169 4328 R.

2223 4378 2286 4439 4.
2337 4373 2437 4459 sit]
2488 4385 2570 4438 est
2614 4376 2691 4449 P,
2737 4396 2864 4441 om.
2907 4381 2977 4441 T.
3031 4411 3116 4424 —-
3168 4378 3381 4459 poenis
3421 4396 3586 4444 corr.

2140 4482 2189 4542 A
2208 4527 2225 4558 ,
2259 4482 2435 4562 penis
2477 4483 2548 4544 R.

2222 4587 2285 4646 5.
2336 4584 2478 4665 quid
2519 4592 2702 4665 ayant
2745 4587 2848 4666 qui
2887 4592 3079 4647 tutam
3109 4586 3405 4649 rationem
3430 4587 3598 4669 sequi

2138 4687 2403 4750 suadebit
2445 4688 2519 4748 B.
3239 4691 3246 4698 ’

2223 4792 2284 4852 5.
2336 4786 2646 4872 adhibebit]
2702 4791 2940 4856 audiuit
2971 4811 3065 4878 pr.
3101 4793 3179 4867 P,
3223 4795 3410 4857 adibit
3435 4812 3598 4860 corr.

2138 4895 2184 4955 P
2203 4942 2220 4966 ,
2265 4893 2497 4957 adhibet
2537 4896 2719 4958 ART.
