4620 5864
1420 600 1524 665 AD
1569 596 1918 662 HERENN.
2001 595 2154 661 LlB.

743 800 843 863 12.
891 799 1037 882 quid
1079 797 1345 880 estquod
1382 797 1604 860 audeas
1626 798 1937 878 postulare
1971 813 2099 861 om.

656 905 881 968 PAFT.
935 900 1100 984 (add.
1144 921 1233 967 rc.
1268 920 1429 964 corr.
1460 898 1555 980 P.)

744 1010 845 1075 13.
894 1007 1130 1071 concedi
1149 1013 1323 1086 putes
1351 1004 1681 1068 PABFRT.

743 1113 841 1177 14.
886 1106 1204 1193 reliquisti]
1244 1110 1644 1189 contempsisti
1670 1110 1723 1171 Β
1746 1117 1810 1173 et
1839 1127 2002 1173 corr.
2026 1107 2102 1173 A.

653 1250 735 1264 --
760 1211 1039 1296 intulisti]
1080 1213 1351 1281 adtulisti
1377 1231 1475 1296 pr.
1505 1211 1574 1275 P.

747 1321 846 1383 15.
895 1318 1060 1381 omni
1087 1318 1293 1381 decore
1321 1318 1388 1379 F.

746 1425 845 1488 16.
884 1417 1243 1503 plurimum]
1277 1422 1530 1484 multum
1558 1423 1632 1484 Τ.
1730 1484 1737 1487 ,

745 1527 846 1589 17.
895 1534 948 1587 et
986 1525 1065 1586 ad
1101 1526 1469 1605 exaqendam
1505 1546 1605 1608 pr.
1641 1525 1708 1597 F,
1753 1524 2139 1609 elcale-²1:1⁵&-¹

655 1629 982 1706 yerandam
1010 1648 1097 1691 rc.
1127 1646 1290 1692 corr.
1324 1629 1396 1702 F,
1432 1637 1486 1691 et
1521 1628 2007 1709 eaeaqqerandam
2036 1630 2107 1690 T.

742 1735 848 1797 20.
886 1728 1275 1815 postremum]
1309 1741 1645 1796 extremum
1676 1734 1750 1794 R.

743 1838 847 1899 21.
896 1836 1161 1898 libertate
1191 1837 1262 1897 F.

742 1941 847 2003 22.
896 1939 1223 2002 liberalitas
1249 1938 1323 1999 R.
1371 1934 1644 2016 (libertas
1680 1956 1804 2019 mg.
1835 1935 1944 2017 R.)

741 2044 846 2105 23.
888 2043 1033 2123 fides
1066 2061 1118 2103 s.
1158 2062 1209 2104 e.
1245 2042 1520 2104 amicitia
1547 2062 1597 2104 s.
1631 2063 1683 2104 e.
1728 2060 1857 2104 om.
1892 2044 2109 2106 PFRT.

663 2143 825 2227 (add.
870 2166 958 2213 tc.
988 2165 1155 2208 cort.
1185 2143 1331 2227 PR.)
1356 2188 1438 2200 --
1481 2148 1632 2209 Il‘em
1667 2165 1795 2207 om.
1832 2147 1898 2213 F.
1927 2179 2010 2192 —
2041 2146 2107 2209 C.

656 2245 919 2332 laetius]
970 2250 1297 2313 C.·Lellius
1329 2251 1395 2320 P,
1432 2251 1611 2332 quius
1646 2250 1825 2313 lelius
1865 2251 1935 2321 B,
1977 2268 2114 2312 cor-

659 2354 865 2417 bellius
903 2354 969 2425 F,
1015 2353 1314 2416 cornelius
1343 2355 1409 2417 T.

742 2458 846 2518 24.
894 2452 1105 2538 navus]
1137 2474 1333 2519 nomes
1352 2455 1629 2520 PBFRT.
1670 2459 1764 2521 De
1793 2457 1847 2519 A
1867 2457 2107 2520 siletur.

660 2592 740 2603 —
764 2560 927 2621 uiris
965 2560 1134 2622 bonis
1171 2561 1247 2623 R.

745 2664 849 2726 25.
897 2659 1200 2744 studiosis]
1257 2663 1473 2726 studiis
1524 2664 1571 2725 F
1617 2668 1680 2725 et
1722 2682 1818 2747 pr.
1866 2664 1933 2735 P,
1980 2683 2109 2729 om.

657 2768 726 2828 in
768 2786 991 2830 rasura
1034 2768 1108 2827 T.
1156 2798 1236 2811 —-
1282 2762 1441 2848 erqo]
1477 2786 1616 2848 erqo
1648 2768 1761 2831 hac
1783 2769 1854 2835 T.
1880 2798 1961 2811 -
1976 2769 2116 2848 pri-

661 2890 795 2932 mus
837 2872 903 2934 in
942 2871 1184 2932 ciuitate
1222 2871 1291 2932 F.

744 2977 850 3038 26.
888 2976 1167 3056 peiurent
1195 2975 1262 3046 P,
1297 2975 1610 3055 periurent
1638 2978 1711 3039 R.

746 3081 851 3142 30.
900 3087 967 3141 ut
995 3074 1069 3161 et]
1111 3088 1165 3144 ct
1201 3087 1267 3140 ut
1293 3078 1461 3150 PBF,
1507 3088 1573 3141 ut
1618 3076 1765 3160 (om.
1802 3076 1905 3161 et)
1929 3080 2002 3142 R.
2032 3113 2116 3126 —

661 3191 966 3264 repetatur
995 3183 1148 3246 idem
1180 3183 1421 3246 verbum
1458 3184 1740 3255 PABFR,
1784 3184 1940 3247 idem
1981 3203 2117 3248 uer·

663 3287 800 3348 bum
841 3295 1063 3367 repetat
1107 3290 1179 3350 T.
1230 3286 1465 3350 Omnes
1495 3305 1622 3358 om.
1658 3289 1953 3368 primum.

750 3392 821 3451 31
838 3435 852 3450 .
867 3399 1169 3470 postremo
1180 3393 1251 3452 T.
1264 3399 1689 3453 —reuertatur
1706 3391 1854 3454 PFT
1866 3398 1929 3454 et
1939 3392 2113 3475 pr.A.

662 3557 667 3564 ,
748 3495 852 3556 32.
881 3490 1191 3576 ruperunt]
1213 3495 1578 3574 reliquerunt
1592 3498 1723 3558 B.-
1739 3495 2123 3577 kartaqinen-

664 3616 757 3658 ses
779 3593 1037 3681 (quater)
1053 3599 1477 3680 ABER—qm·
1498 3607 1634 3662 sunt
1650 3600 1755 3679 qui
1773 3600 2123 3663 crudele-u

663 3700 1183 3781 deformaverunt?
1211 3702 1744 3783 Karthaqinienses
1782 3721 1910 3766 om.
1945 3705 2017 3767 B.
2039 3739 2122 3750 —

664 3805 767 3884 qui
820 3813 961 3866 sunt
1012 3806 1274 3868 cnedcles
1310 3806 1521 3869 bellum
1554 3787 1858 3887 qesserunt
1907 3825 2003 3890 pr.
2053 3809 2121 3880 P,

664 3909 769 3986 qui
803 3916 941 3970 sunt
976 3911 1080 3990 qui
1121 3909 1352 3970 crudele
1381 3909 1593 3970 bellum
1621 3919 1925 3989 qesserunt
1956 3929 2121 3974 corr.

665 4010 734 4084 P,
770 4012 872 4090 qui
911 4021 1049 4074 sunt
1093 4013 1197 4093 qui
1234 4013 1300 4075 in
1342 4013 1527 4074 Italia
1556 4010 1835 4091 (Italiam
1862 4014 1945 4091 R)
1983 4032 2120 4076 cru·

664 4114 786 4177 dele
816 4115 1026 4178 bellum
1060 4121 1370 4195 qessern'mt
1412 4117 1458 4178 F
1464 4118 1587 4178 ΒΤ.

750 4221 854 4281 34.
903 4220 1016 4281 sibi
1047 4239 1174 4281 om.
1210 4221 1331 4282 BT.

751 4325 853 4384 35.
891 4324 1193 4402 postulent
1241 4324 1335 4385 PF
1380 4331 1446 4386 et
1486 4342 1581 4407 pr.
1627 4325 1702 4386 A.
1735 4358 1819 4371 —
1850 4326 2125 4405 iqnosci?

666 4425 1133 4506 kartayinenses.
1185 4428 1290 4508 qui
1339 4436 1477 4489 sunt
1522 4429 1627 4509 qui
1669 4429 1783 4489 sibi
1820 4430 2125 4510 postulant

656 4533 912 4609 pacem?
951 4532 1422 4611 kartaqinenses.
1482 4532 1673 4596 Videte
1715 4533 1784 4595 Β.

752 4634 853 4695 36.
901 4617 1216 4698 Romanus*
1241 4653 1366 4698 om.
1396 4635 1564 4698 PFT.

752 4737 852 4802 38.
898 4736 1221 4800 absoluatis
1252 4739 1299 4801 F
1330 4744 1395 4802 et
1425 4757 1521 4822 pr.
1569 4738 1690 4811 PA,
1735 4740 2047 4804 absoluitis
2072 4742 2119 4803 Β

669 4845 733 4902 et
768 4859 933 4902 corr.
967 4840 1089 4902 PA.

2203 592 2309 658 IV.
2402 591 2572 660 GAP.
2623 592 2698 656 11
2723 624 2792 655 -s-
2819 594 2919 656 15.
3523 591 3633 661 45

2186 840 2191 843 -
2264 795 2412 877 Pag.
2445 794 2551 856 71.
2599 812 2657 856 v.
2695 795 2754 856 1.
2817 791 2960 872 fecit
2987 790 3056 855 F.
3085 785 3286 873 καί]
3330 791 3424 857 uti
3463 789 3635 854 PAB.

2182 934 2265 947 —
2297 918 2481 980 quum
2511 916 2638 961 om.
2675 900 2745 959 B.

2266 1005 2331 1066 4.
2381 1011 2448 1064 tu
2473 1021 2600 1065 om.
2625 1001 2828 1063 PABF
2832 1003 2903 1064 T.
3533 1056 3538 1063 .

2267 1109 2332 1171 5.
2379 1106 2641 1168 hominis
2707 1105 2901 1171 uitam
2959 1103 3183 1168 PAFT.
3260 1135 3341 1149 --
3395 1104 3639 1186 petisset

2186 1212 2517 1275 PABFRT.

2271 1315 2334 1377 7.
2382 1314 2715 1395 reperietur
2741 1330 2840 1397 pr.
2880 1312 2958 1375 A.
2985 1344 3069 1359 --
3105 1307 3379 1394 divitum]
3425 1312 3644 1375 diuites

2187 1437 2285 1503 pr.
2314 1419 2384 1494 P,
2417 1418 2628 1480 diuitis
2651 1418 2717 1491 F,
2748 1436 2848 1498 pr.
2881 1416 2935 1479 A
2969 1423 3033 1479 et
3061 1436 3226 1478 corr.
3256 1415 3326 1477 P.
3353 1414 3645 1494 (diuitum

2189 1542 2355 1586 corr.
2404 1518 2510 1601 A.)
2552 1556 2636 1569 —
2677 1530 2744 1583 tu
2769 1542 2829 1585 v.
2854 1541 2924 1602 p.
2960 1520 3198 1587 diuitiis
3226 1537 3354 1582 om.
3394 1539 3491 1604 pr.
3527 1520 3643 1584 PF.

2188 1661 2272 1674 —
2301 1634 2369 1688 tu
2396 1644 2540 1688 uero
2573 1627 2859 1688 uirtutem
2891 1625 2994 1686 BT
3025 1611 3090 1687 et
3122 1643 3212 1686 rc.
3252 1643 3418 1687 corr.
3446 1623 3517 1687 P.

2274 1731 2337 1793 8.
2377 1732 2654 1812 praefers
2679 1731 2754 1791 R.

2272 1836 2337 1896 9.
2384 1834 2740 1901 uidebuntur
2763 1833 2870 1895 tibi
2886 1834 2961 1896 R.
2976 1832 3451 1914 —pedissequae
3475 1834 3644 1896 AFT.

2189 1971 2270 1983 ·-
2305 1946 2444 2000 sunt
2479 1955 2576 2022 pr.
2611 1937 2688 2011 A,
2726 1956 2848 1999 non
2872 1945 3013 1999 sunt
3038 1939 3111 2000 R.
3161 1935 3316 2015 (sint
3344 1954 3513 2000 corr.
3541 1934 3645 2013 A.)

2277 2044 2378 2106 10.
2427 2051 2511 2104 est
2545 2041 2965 2104 exornationis
2997 2041 3327 2104 PABFRT.
3368 2068 3449 2087 -·-
3466 2041 3647 2122 poni-

2187 2153 2289 2208 tur
2330 2146 2502 2208 modo
2545 2146 2821 2207 PBFRT.

2278 2251 2379 2311 12.
2429 2250 2537 2311 tibi
2556 2250 2777 2310 multas
2808 2249 3081 2319 PABFT.
3125 2248 3347 2310 multas
3374 2245 3643 2322 (omisso

2189 2353 2329 2431 tibi)
2374 2356 2446 2416 R.
2476 2383 2557 2396 --
2577 2353 2744 2415 Nam·
2771 2355 3006 2416 om.'R.
3040 2384 3124 2398 —-
3147 2371 3354 2414 amare
3382 2351 3556 2415 PAF.

2279 2459 2379 2520 13.
2414 2452 2518 2538 est]
2547 2457 2624 2517 sit
2646 2455 2746 2517 PT
2773 2462 2834 2517 et
2850 2475 2945 2539 ρι’.
2965 2456 3039 2527 A,
3058 2457 3127 2536 fit
3145 2457 3210 2518 F.
3228 2454 3346 2534 (est
3360 2468 3521 2518 corr.
3542 2452 3647 2534 A.)

2279 2561 2379 2623 15.
2418 2560 2766 2640 propositae
2794 2567 2931 2621 sunt
2958 2559 3153 2621 adhuc
3177 2560 3252 2621 R.

2279 2665 2380 2727 16.
2429 2664 2668 2744 saepius
2689 2663 2966 2726 redeatur
2995 2664 3061 2726 F.
3092 2696 3175 2709 —-
3198 2663 3643 2745 quaedamom.

2193 2770 2520 2832 PABFRT.

2280 2873 2380 2936 18.
2431 2891 2509 2935 ex
2544 2871 2870 2936 contrariis
2911 2888 3037 2935 om.
3083 2873 3150 2936 B.
3202 2905 3283 2917 —
3323 2872 3518 2936 verbis
3545 2880 3650 2936 aut

2194 2996 2319 3041 om.
2351 2977 2679 3040 PABFRT.
3457 3037 3464 3044 ,

2282 3083 2380 3145 19.
2413 3077 2614 3162 paceo]
2650 3082 2821 3143 modo
2844 3084 2916 3144 T.
2952 3114 3032 3125 —
3063 3080 3298 3143 haberet
3321 3083 3394 3143 B.

2277 3187 2382 3248 20.
2431 3185 2803 3248 inexorabile
2842 3188 2911 3256 T,
2957 3186 3367 3267 inplacabilem
3396 3187 3468 3249 B.

2279 3290 2382 3350 21.
2429 3308 2490 3351 es
2517 3285 2764 3370 otiosus]
2811 3290 2977 3350 solus
3006 3291 3233 3352 otiosus
3263 3309 3324 3351 es
3359 3291 3435 3352 R.

2278 3394 2384 3455 22.
2428 3394 2619 3474 sriqes
2657 3394 2795 3461 cito.
2841 3393 2990 3455 Cum
3017 3413 3164 3474 opus
3198 3413 3297 3478 ρι’.
3334 3396 3415 3470 Ρ,
3459 3394 3651 3475 friyes

2196 3497 2335 3559 cito.
2387 3498 2536 3570 Cum
2560 3515 2684 3558 non
2711 3516 2858 3577 opus
2886 3497 2987 3559 FR
3016 3504 3080 3559 et
3106 3517 3272 3562 corr.
3301 3498 3371 3563 P.
3535 3555 3540 3558 .

2280 3602 2386 3663 23.
2434 3599 2535 3662 ubi
2568 3601 2730 3681 loqui
2752 3597 3038 3682 convenit]
3067 3602 3172 3662 tibi
3195 3602 3358 3682 loqui
3379 3603 3654 3664 conuenit

2198 3723 2294 3788 pr.
2323 3705 2389 3774 P,
2421 3705 2530 3765 tibi
2560 3704 2726 3784 loqui
2750 3713 2886 3765 cum
2922 3705 3196 3766 conuenit
3227 3723 3393 3767 corr.
3421 3705 3485 3776 P,
3518 3724 3653 3767 cum

2200 3808 2306 3870 tibi
2338 3808 2501 3890 loqui
2529 3809 2800 3869 conuenit
2826 3809 2923 3870 FT
2948 3814 3113 3888 etpr.
3131 3808 3203 3879 A,
3237 3809 3339 3869 ubi
3368 3810 3494 3870 loco
3517 3829 3654 3872 con·

2199 3913 2364 3974 uenit
2404 3915 2476 3975 R.
2547 3912 2679 3988 (ubi
2705 3912 2885 3993 'loqui
2924 3912 3196 3974 conuenit
3225 3930 3386 3976 corr.
3419 3913 3532 3991 A.)
3577 3945 3651 3956 -

2200 4016 2548 4078 obtumescis
2579 4016 2648 4077 P.

2283 4120 2387 4180 24.
2420 4114 2658 4200 pacem}
2702 4119 2914 4180 bellum
2951 4120 3020 4181 F.

2282 4223 2388 4284 25.
2428 4218 2605 4302 prae]
2654 4222 2723 4282 de
2754 4241 2866 4301 pre
2908 4225 2978 4286 Β.

2284 4326 2388 4387 26.
2437 4325 2862 4405 distrinqemus
2886 4328 2958 4387 B.
2973 4356 3043 4369 -
3068 4335 3120 4389 et
3138 4346 3356 4407 yraues
3377 4334 3431 4390 et
3454 4330 3661 4391 ornati

2202 4430 2527 4493 PABFRT.

2283 4535 2390 4595 28.
2440 4541 2524 4593 est
2563 4549 2688 4593 om.
2733 4552 2832 4613 pr.
2880 4533 2951 4594 A.

2284 4639 2387 4700 30.
2440 4637 2710 4717 africane
2749 4636 3027 4717 alloquar
3068 4638 3140 4699 Β.

2286 4742 2390 4803 31.
2440 4736 2532 4822 ac]
2584 4748 2690 4801 aut
2719 4742 2790 4802 Β.
3599 4791 3602 4794 .

2283 4845 2390 4907 32.
2437 4844 2749 4908 abluerunt
2778 4847 2850 4908 R.
2877 4876 2963 4891 -
2994 4844 3049 4908 Ο
3084 4863 3213 4908 οιιι.
3257 4844 3483 4910 PBRT.
