4620 5864
1398 615 1505 677 AD
1550 614 1901 678 HERENN.
1950 604 2102 677 LIB.
2150 613 2254 677 lV.
2349 614 2517 678 CAP.
2569 614 2855 677 52—55.
3505 612 3620 683 65

722 817 827 879 28.
875 813 1058 876 cubiti
1089 812 1315 892 semum·
1351 828 1447 895 pr.
1482 811 1552 883 P,
1598 795 2092 891 cubitis'emunqi

639 939 805 981 corr.
863 919 931 979 P.

722 1023 826 1084 29.
874 1021 1226 1102 incipiemus
1268 1019 1341 1080 B.

723 1125 822 1188 30.
858 1122 1284 1203 praecidamus
1304 1122 1398 1182 PF
1401 1122 1503 1186 RT
1550 1128 1613 1182 et
1643 1138 1740 1202 pr.
1769 1120 1842 1190 A,
1886 1116 2091 1179 deinde

627 1226 1048 1307 praecidamus
1069 1225 1118 1285 B
1151 1229 1215 1286 et
1236 1243 1401 1285 corr.
1431 1224 1503 1285 A.

720 1330 824 1392 31.
870 1328 1032 1389 domi
1080 1327 1513 1407 PER—plus
1555 1329 1627 1389 R.

719 1432 825 1494 32.
875 1427 961 1511 re]
995 1448 1094 1491 res
1122 1448 1221 1509 pr.
1256 1429 1325 1490 P.
1353 1429 1713 1490 —coallata
1737 1429 1809 1490 T.

718 1535 823 1597 33.
852 1529 1034 1614 quid]
1068 1531 1224 1613 quod
1245 1534 1295 1595 Τ
1319 1538 1382 1593 et
1404 1552 1498 1612 pr.
1525 1532 1689 1592 A.—
1705 1531 1990 1592 sentimus
2013 1531 2085 1591 T.

717 1638 824 1699 34.
871 1637 1251 1697 saturniniae
1277 1656 1378 1717 pr.
1415 1635 1484 1695 P.
1514 1668 1594 1678 —
1627 1634 1872 1714 populis
1910 1633 1979 1694 Ρ.
2007 1665 2090 1677 -

632 1734 988 1819 reueremt'a]
1010 1738 1347 1820 frequentia
1367 1739 1420 1801 R
1444 1741 1509 1798 et
1535 1755 1697 1799 corr.
1724 1736 1887 1797 A.--
1902 1735 2093 1796 Inulti

633 1843 828 1903 iacent
862 1838 1143 1922 Gracchi]
1191 1841 1587 1903 PoJmiacent
1644 1858 1697 1900 c.
1735 1838 1980 1918 qracchi
2022 1838 2087 1910 P,

637 1944 939 2006 Stultitiae
978 1944 1044 2006 C.
1094 1944 1206 2019 (G.
1253 1939 1324 2023 F)
1375 1942 1604 2006 Gracbi
1638 1950 1924 2003 memento
1969 1941 2090 2012 AF,

638 2046 957 2107 stultitiam
990 2065 1161 2107 nosce
1188 2046 1369 2106 inulti
1404 2049 1474 2117 R,
1513 2046 1821 2108 Stultitiae
1853 2041 2094 2127 (super-

638 2168 757 2211 scr.
786 2145 910 2229 am)
931 2168 992 2228 9.
1037 2149 1236 2209 cracci
1270 2157 1557 2210 memento
1588 2151 1660 2210 T.

723 2252 847 2335 36.)
873 2247 1038 2332 sinit]
1072 2251 1277 2313 sinunt
1313 2251 1427 2324 PF,
1467 2260 1605 2312 sunt
1633 2252 1707 2312 T.
1726 2246 2086 2330 —oratoreJ

638 2370 741 2415 ore
789 2355 1011 2416 PAFR.
1061 2384 1138 2395 —
1184 2356 1315 2434 ipso
1379 2372 1479 2433 pr.
1541 2354 1662 2415 PR.
1735 2350 2094 2434 (auditorem

637 2458 833 2537 ipsum
881 2456 991 2534 B·)

721 2624 868 2705 Pag.
922 2624 1063 2686 101.
1109 2644 1169 2684 ν.
1219 2626 1281 2684 2.
1371 2624 1542 2684 thaui
1587 2625 1739 2686 AFT
1785 2630 1849 2685 et
1886 2644 1981 2704 pr.
2024 2624 2089 2693 P,

637 2706 798 2787 ἱιιαιη·
824 2745 988 2789 corr.
1021 2727 1089 2787 P.
1137 2724 1329 2803 (masi
1359 2744 1522 2789 corr.
1560 2728 1666 2803 A.)

722 2831 784 2891 3.
834 2831 899 2890 in
926 2825 1236 2911 Bithynia]
1281 2830 1411 2891 uim
1450 2830 1752 2892 machium
1792 2834 1860 2904 P,
1917 2832 2095 2892 tima-

637 2932 838 2995 chium
866 2953 958 3013 pr.
993 2935 1066 3007 A,
1114 2931 1431 2996 bithiniam
1456 2937 1504 2996 B
1537 2941 1601 2997 et
1636 2954 1802 2996 corr.
1842 2936 1914 3006 A,
1957 2936 2095 2996 ina-

636 3036 835 3098 cbium
872 3037 947 3108 F,
992 3037 1299 3098 inachiam
1341 3038 1421 3098 T.
1446 3079 1525 3089 --
1555 3038 1692 3101 inde
1735 3056 1952 3101 rursus
1998 3038 2093 3101 PF

639 3145 703 3199 et
728 3157 826 3219 pr.
857 3140 927 3209 A,
973 3140 1108 3201 inde
1144 3141 1355 3221 pulsus
1395 3143 1444 3204 T
1476 3145 1542 3201 et
1569 3159 1733 3206 corr.
1760 3146 1834 3205 A.

720 3243 784 3303 4.
833 3242 1124 3304 abaditem
1167 3242 1388 3326 pul),
1432 3244 1600 3306 abide
1635 3246 1774 3306 item
1805 3263 1972 3306 corr.
2017 3243 2089 3315 P,

636 3345 831 3408 abida.
862 3346 1011 3407 Item
1040 3347 1157 3419 FT,
1199 3348 1383 3410 abidi.
1414 3351 1555 3411 item
1582 3351 1654 3410 B.
1700 3377 1782 3388 —
1837 3349 2094 3430 quodam

636 3449 692 3510 is
722 3448 928 3510 deinde
946 3468 1042 3528 pr.
1071 3450 1137 3522 P,
1182 3451 1479 3532 quondam
1507 3452 1783 3513 tribunus
1810 3452 1865 3512 is
1888 3451 2093 3513 deinde

636 3552 735 3612 FT
763 3557 827 3613 et
867 3571 1032 3614 corr.
1067 3553 1137 3614 P.

720 3656 783 3716 5.
832 3662 963 3716 erat
996 3674 1123 3719 om.
1167 3657 1214 3718 F
1256 3662 1317 3718 et
1356 3675 1452 3741 pr.
1500 3658 1576 3719 A.
1615 3690 1692 3701 ——
1728 3667 1867 3719 tunc
1902 3659 1976 3720 R.
2008 3691 2091 3703 -

625 3758 950 3837 proficitur
990 3760 1061 3821 F.

718 3872 781 3931 5.
829 3870 1032 3933 deinde
1076 3871 1264 3933 bostis
1312 3873 1462 3934 PFR
1505 3880 1567 3936 et
1610 3892 1705 3957 pr.
1758 3874 1842 3945 A,
1888 3873 2092 3936 deinde

635 3973 822 4035 bostis
869 3984 924 4034 et
966 3976 1108 4036 εει-υἱ
1156 3976 1280 4037 BT.
1331 3971 1559 4056 (deinde
1608 3977 1752 4038 exul
1801 3986 1857 4039 et
1903 3977 2093 4038 hostis

637 4095 801 4138 corr.
833 4073 934 4158 A.)
967 4110 1049 4121 —
1094 4076 1289 4140 dictus
1330 4086 1414 4141 est
1453 4080 1629 4152 AFT,
1680 4089 1765 4141 est
1802 4079 1998 4141 dictus
2038 4088 2093 4140 et

636 4179 780 4240 exul
828 4180 903 4240 R.

718 4292 781 4352 6.
819 4288 1141 4372 postremo]
1178 4302 1231 4354 et
1249 4294 1614 4373 populorum
1650 4294 1744 4354 PF
1780 4301 1844 4356 et
1883 4313 1982 4374 pr.
2019 4294 2090 4365 A,

633 4400 687 4453 et
722 4400 1023 4471 postremo
1065 4396 1168 4457 ΒΤ
1214 4402 1277 4456 et
1320 4415 1487 4458 corr.
1544 4398 1615 4458 A.
1653 4431 1736 4443 —
1771 4397 1973 4477 sactus
2008 4404 2093 4459 est

632 4495 837 4556 consul
863 4495 1138 4559 PAFRT.
1188 4499 1409 4579 (sactus
1439 4509 1523 4560 est
1552 4519 1678 4563 om.
1712 4500 1818 4578 B.)

717 4608 779 4669 8.
828 4615 917 4667 est
940 4628 1115 4690 saepe
1144 4612 1267 4673 ΒΤ.

722 4723 821 4781 10.
872 4721 1074 4783 uerbis
1103 4741 1199 4784 res
1225 4723 1497 4787 PBFRT.

723 4831 821 4891 11.
870 4830 1039 4915 quae]
1090 4836 1226 4914 quis
1273 4857 1370 4916 pr.
1428 4836 1496 4897 P.

2255 813 2355 873 12.
2404 819 2541 874 ante
2575 830 2702 873 rem
2738 820 2791 874 et
2826 813 2953 876 ΒΤ.
2976 812 3155 873 -in
3182 830 3311 872 om.
3354 811 3424 871 F.
3453 844 3530 855 —
3571 813 3624 872 si

2168 934 2294 978 om.
2343 914 2620 977 PABFT.

2256 1029 2353 1089 13.
2400 1046 2441 1089 a
2470 1045 2597 1093 om.
2636 1027 2854 1089 PBFT.
2913 1060 2992 1070 —
3036 1026 3627 1088 circuminstantibus

2165 1148 2265 1210 pr.
2313 1131 2382 1192 P.
2415 1163 2493 1175 —
2541 1130 2882 1191 recedamus
2918 1147 3016 1212 pr.
3061 1130 3137 1202 A,
3184 1130 3514 1192 recedimus
3550 1133 3619 1192 T.

2166 1229 2531 1311 (recedemus
2560 1251 2727 1296 corr.
2767 1230 2867 1312 A.)

2258 1334 2358 1397 15.
2407 1344 2647 1398 senatus
2672 1354 2798 1399 om.
2831 1336 2925 1397 PF
2957 1342 3021 1397 et
3060 1354 3159 1417 pr.
3198 1338 3273 1397 A.
3301 1370 3384 1383 -
3411 1358 3451 1398 a
3489 1355 3617 1399 om.

2147 1438 2445 1500 PABFT.
2474 1472 2554 1483 —
2583 1439 2805 1501 iuberet
2833 1441 2903 1500 B.

2258 1543 2358 1603 16.
2407 1539 2765 1625 concionem]
2817 1544 3071 1604 continet
3108 1560 3206 1625 pr.
3250 1543 3295 1605 P
3308 1589 3324 1615 ,
3369 1545 3624 1605 continet

2165 1664 2226 1705 se
2283 1645 2332 1705 F
2374 1652 2437 1706 et
2488 1665 2649 1712 corr.
2691 1648 2759 1708 P.
2821 1640 2901 1697 -’-
2944 1641 3082 1726 Iste]
3140 1646 3263 1726 ipse
3316 1646 3517 1710 PFRT
3562 1654 3626 1708 et

2166 1765 2263 1827 pr.
2309 1749 2380 1809 A.

2258 1853 2359 1913 17.
2408 1860 2613 1914 euocat
2642 1871 2740 1936 pr.
2774 1853 2844 1925 P,
2892 1862 3133 1914 euocato
3163 1870 3259 1935 pr.
3297 1855 3367 1924 F,
3415 1872 3626 1916 euoca-

2167 1963 2265 2016 tus
2304 1973 2469 2017 corr.
2522 1956 2637 2029 PF.
2668 1990 2750 2002 —-
2772 1952 2871 2037 ex]
2914 1977 2942 2017 e
2981 1956 3256 2017 PABFT.
3287 1990 3369 2001 —
3399 1963 3454 2017 et
3488 1976 3618 2018 om.

2167 2058 2441 2120 PBFRT.
2471 2092 2551 2101 —
2574 2066 2742 2120 stans
2785 2059 2880 2118 PF
2922 2065 2986 2119 et
3019 2077 3118 2139 pr.
3167 2058 3238 2120 A.
3272 2092 3354 2103 —
3384 2068 3437 2119 et
3462 2069 3623 2121 torta

2167 2169 2306 2241 toqa
2336 2180 2470 2222 cum
2499 2161 2898 2241 compluribus
2923 2163 2995 2226 B.

2261 2263 2357 2325 18.
2407 2264 2551 2324 aliis
2594 2282 2722 2326 om.
2764 2265 2831 2330 F.
2880 2299 2955 2310 —
3002 2264 3102 2325 ille
3134 2283 3358 2344 praeco
3393 2265 3478 2338 P,
3529 2266 3623 2327 illi

2167 2385 2352 2445 qraco
2373 2384 2592 2446 praeco
2615 2369 2683 2428 R.
2714 2400 2790 2412 —
2821 2364 3208 2449 audientiam]
3248 2368 3521 2430 audiebat
3547 2368 3617 2442 P,

2166 2468 2337 2529 uiam
2380 2468 2613 2529 odiebat
2662 2488 2760 2550 pr.
2811 2470 2863 2531 A
2887 2515 2903 2542 ‚
2971 2472 3139 2533 uiam
3182 2472 3455 2532 audiebat
3500 2467 3624 2551 (su-

2168 2590 2409 2652 perscr.
2436 2571 2694 2639 odiebat)
2717 2573 2786 2646 R,
2813 2575 2980 2635 uiam
3009 2575 3210 2635 adibat
3240 2576 3313 2636 T.
3346 2573 3624 2652 (audien-

2169 2676 2322 2736 tiam
2364 2694 2531 2736 corr.
2582 2674 2682 2755 A.)

2259 2779 2359 2839 19.
2407 2776 2719 2863 quoddam]
2775 2781 3071 2861 quondam
3110 2781 3239 2852 PF,
3296 2782 3451 2861 quod
3492 2783 3625 2861 qui-

2168 2880 2307 2942 dam
2337 2882 2409 2943 B.
2442 2915 2525 2927 —
2551 2883 2708 2945 calce
2725 2880 3023 2966 premens]
3066 2903 3229 2947 seors
3267 2885 3422 2966 qalle
3440 2904 3625 2966 prae-

2168 3004 2299 3047 sens
2322 2986 2388 3062 P,
2432 3004 2648 3048 excors
2684 2989 2842 3049 calce
2875 3005 3150 3068 premens
3174 2989 3250 3062 A,
3300 3007 3435 3049 sors
3471 2988 3624 3069 yalle

2170 3084 2507 3173 (superscr.
2555 3091 2876 3172 scorqalle)
2915 3110 3197 3171 praesens
3226 3092 3291 3152 F.
3347 3125 3428 3138 —
3477 3092 3626 3152 decc-

2168 3201 2299 3255 tera
2342 3193 2489 3256 PAF
2493 3195 2564 3255 T.
3139 3243 3148 3246 -

2250 3297 2357 3358 20.
2405 3297 2694 3377 defrinqet
2722 3298 2793 3370 P,
2841 3297 3173 3378 confrinqet
3195 3298 3261 3367 F,
3291 3298 3624 3377 defrinqere

2168 3400 2357 3479 coepit
2384 3401 2455 3462 R.
2494 3434 2577 3446 —
2618 3407 2672 3461 et
2722 3400 2830 3461 hoc
2873 3401 3029 3461 alios
3067 3401 3228 3460 iubet
3266 3400 3421 3462 idem
3455 3397 3624 3481 (item

2167 3490 2304 3563 F’et
2339 3519 2505 3565 corr.
2541 3503 2610 3573 P)
2636 3499 3151 3583 facere3PAFRT.
3525 3523 3586 3560 or

2250 3607 2354 3667 21.
2399 3601 2499 3686 ex]
2533 3614 2588 3665 et
2617 3624 2695 3667 eoe
2734 3605 3011 3668 PAFRT.
3035 3640 3118 3651 —
3148 3607 3293 3678 aliis
3322 3608 3440 3669 alis
3470 3625 3624 3687 par-

2165 3707 2324 3769 tibus
2349 3728 2450 3787 pr.
2478 3708 2548 3780 P,
2596 3709 2739 3769 aliis
2775 3709 3027 3789 aliisque
3058 3710 3518 3790 partibus·AFR
3560 3715 3625 3771 et

2168 3829 2334 3874 corr.
2390 3812 2466 3883 P,
2526 3811 2669 3872 aliis
2706 3820 2878 3892 atque
2925 3813 3068 3873 aliis
3103 3814 3384 3893 partibus
3425 3814 3496 3875 T.
3543 3854 3620 3864 --

2165 3914 2541 3975 commodant
2562 3931 2659 3998 pr.
2686 3914 2757 3987 Ρ,
2806 3925 3130 3976 commeant
3152 3917 3222 3988 F,
3273 3934 3439 3978 corr.
3481 3915 3526 3975 P
3561 3922 3624 3977 et

2165 4013 2509 4100 (superscr.
2564 4017 2907 4095 conuolant)
2950 4019 3022 4090 A,
3082 4028 3260 4079 orant
3304 4020 3622 4081 conuolant

2164 4139 2368 4183 omnes
2380 4123 2450 4191 R,
2470 4120 2788 4183 conuolant
2810 4118 3144 4205 (superscr.
3163 4121 3522 4201 commeant)
3543 4124 3616 4184 T.

2250 4224 2357 4285 22.
2403 4242 2560 4286 unus
2609 4226 2755 4303 susu
2796 4226 2936 4306 fuye
2987 4225 3181 4304 inquit
3229 4226 3451 4287 uideri.
3504 4244 3625 4286 non

2164 4326 2332 4389 uides
2367 4327 2412 4387 P
2429 4373 2444 4399 ,
2491 4346 2647 4388 unus
2686 4328 2827 4408 [αρε
2872 4329 3088 4409 inquit.
3137 4347 3258 4389 non
3295 4329 3461 4390 uides
3501 4329 3621 4396 AF,

2164 4430 2463 4511 unussuqe
2475 4431 2614 4510 [αρε
2630 4431 2823 4513 inquit
2837 4432 3013 4493 tiberi
3025 4450 3145 4494 non
3155 4432 3321 4492 uides
3335 4429 3621 4512 B(recte),

2165 4551 2324 4594 unus
2344 4533 2485 4614 [αρε
2514 4534 2710 4615 inquit
2756 4535 2932 4596 tiberi
2970 4554 3092 4597 non
3135 4536 3303 4596 uides
3340 4537 3411 4604 R,
3469 4553 3624 4595 unus

2160 4639 2300 4719 fuye
2335 4638 2531 4717 inquit
2561 4637 2796 4699 tiberim
2831 4655 2952 4698 non
2987 4638 3154 4700 uides
3182 4642 3249 4704 T.
3292 4638 3463 4719 (fusu
3494 4634 3618 4700 del.

2169 4759 2335 4804 corr.
2371 4740 2454 4816 P;
2504 4741 2770 4802 alterum
2803 4742 2943 4821 suqe
2971 4740 3114 4801 add.
3152 4759 3315 4803 corr.
3343 4744 3454 4814 A.)

2252 4846 2357 4906 24.
2406 4862 2678 4923 spumam
2721 4861 2799 4904 esc
2841 4860 2944 4902 ore
2987 4842 3111 4903 BR.
3158 4877 3232 4886 -
3263 4844 3469 4915 scelus,
3515 4862 3623 4905 an·

3037 4954 3076 5015 9

2298 5421 3254 5835 [Ἃ

3643 3551 3670 3596 Ι.

4253 5485 4534 5720 (Α
