4620 5864
1020 649 1122 719 58

1099 848 1250 931 Pag.
1301 848 1403 911 89.
1468 844 1531 909 ἡ.
1582 847 1639 911 1.
1744 842 1983 929 missus]
2041 847 2336 929 foenissus
2391 846 2468 920 P,

1003 952 1361 1034 phoeniceus
1402 953 1468 1024 F,
1514 950 1775 1012 emissus
1804 953 1874 1013 R.
1899 984 1980 995 —-
2003 950 2173 1013 belua
2215 952 2393 1014 ABT.

1099 1059 1163 1120 2.
1212 1050 1448 1137 acuens]
1496 1053 1712 1116 habens
1754 1052 1922 1117 PAF.
1946 1055 2118 1115 —in
2154 1072 2279 1117 om.
2310 1054 2471 1115 P.—

1015 1163 1295 1242 cuiusque
1315 1162 1627 1242 fortunam
1657 1159 1729 1230 A,
1769 1158 2050 1238 fortunas
2076 1158 2357 1239 cuiusque
2393 1158 2464 1218 Τ.

1100 1267 1162 1328 3.
1210 1264 1578 1326 incursitans
1619 1265 1692 1326 B.

1096 1370 1161 1431 4.
1209 1367 1751 1449 depeculantiorum
1793 1375 1969 1448 caput
2010 1385 2108 1452 pr.
2155 1366 2235 1428 P.·
2292 1402 2299 1409 ‹

1097 1473 1158 1536 5.
1205 1467 1398 1554 atque]
1459 1491 1531 1532 ac
1572 1472 1644 1532 Β.
1678 1506 1761 1517 -
1816 1491 1944 1534 rem
1980 1471 2285 1551 publicam
2337 1490 2464 1532 om.

1012 1575 1236 1639 PAFR.
1290 1610 1373 1622 —
1415 1570 1708 1657 [unditus]
1766 1576 2149 1656 funditusque
2207 1576 2363 1638 AFT
2408 1580 2472 1636 et

1015 1699 1181 1744 corr.
1230 1680 1297 1751 P,
1343 1681 1726 1761 funditusque
1768 1679 2193 1759 rempublicam
2234 1679 2309 1740 R.

1099 1786 1161 1848 6.
1211 1784 1378 1846 eicite
1419 1784 1589 1845 BFT.
1622 1818 1704 1832 ——
1732 1783 2007 1864 vobisque
2050 1782 2201 1862 ipsis
2241 1802 2340 1863 pr.
2389 1781 2463 1843 A.

1096 1889 1160 1951 7.
1207 1886 1451 1968 denique
1482 1906 1609 1950 om.
1650 1889 1723 1949 T.

1100 1993 1203 2054 10.
1252 2010 1372 2053 uno
1414 1992 1484 2053 in
1521 1991 1746 2053 iudicio
1789 1992 1914 2055 AT.
2028 2028 2035 2035 ·

1103 2096 1203 2158 12.
1240 2091 1448 2177 parvi]
1483 2096 1702 2176 patrui
1743 2098 1812 2160 F.

1105 2201 1206 2263 13.
1237 2200 1434 2261 Jtuius
1477 2220 1605 2261 om.
1642 2202 1712 2263 T.

1104 2305 1202 2367 14.
1247 2304 1320 2366 ab
1362 2304 1628 2366 inimicis
1670 2323 1766 2390 pr.
1792 2302 1880 2366 -P.

1104 2409 1206 2470 15.
1253 2408 1623 2471 insultabunt
1661 2409 1842 2473 uitae.
1884 2410 1953 2473 in
1980 2411 2053 2472 Τ.
2082 2442 2165 2457 -
2194 2408 2472 2493 superbia

1017 2512 1203 2574 simul
1240 2511 1415 2574 BRT.
2040 2548 2043 2551 ·

1034 2652 1037 2653 ν
1106 2617 1205 2678 16.
1256 2616 1646 2680 inueniuntur
1683 2619 1751 2693 P,
1791 2619 2172 2681 inuenientur
2204 2618 2254 2680 F
2279 2621 2343 2681 et
2367 2637 2464 2700 pr.

1016 2719 1091 2784 A.
1114 2720 1501 2800 (innobentur
1542 2741 1705 2785 corr.
1741 2721 2136 2803 A.)—Nam
2157 2740 2285 2785 om.
2308 2724 2382 2785 T.

1104 2826 1205 2887 17.
1253 2824 1397 2887 urbe
1439 2834 1612 2907 capta
1653 2826 1879 2889 PABT.
1905 2860 1988 2874 --
2020 2826 2263 2888 tulerint
2304 2825 2427 2888 AF.

1104 2929 1202 2996 18.
1245 2922 1705 2992 trucidabantur
1747 2931 1819 2992 T.
1851 2964 1928 2976 —
1954 2939 2007 2992 et
2048 2925 2227 3012 vires]
2261 2930 2473 2992 herum

1015 3035 1086 3108 P,
1127 3033 1260 3095 heri
1301 3034 1367 3103 F,
1412 3041 1466 3094 et
1482 3111 1490 3126 ι
1496 3052 1614 3113 per
1640 3034 1804 3095 uires
1832 3035 1905 3096 T.
1966 3033 2124 3096 Vide
2156 3053 2238 3097 ne
2263 3035 2474 3095 herum

1016 3143 1189 3202 recte
1211 3155 1280 3200 se
1303 3137 1534 3198 habeat
1553 3137 1762 3200 deleto
1790 3138 2162 3220 glossemate
2185 3138 2467 3199 laborem.

1105 3242 1207 3304 19.
1251 3236 1432 3322 ferre]
1476 3242 1602 3322 fere
1636 3259 1732 3326 pr.
1766 3241 1836 3304 P.
1865 3276 1948 3289 —
1970 3243 2288 3323 rapientur
2330 3244 2398 3304 Τ.

1102 3346 1206 3407 20.
1246 3343 1660 3426 priuabuntur
1702 3349 1774 3410 T.
1800 3378 1884 3392 ·—
1908 3344 2209 3427 flaqrabat
2251 3365 2350 3429 pr.
2398 3345 2469 3420 P,

1009 3447 1297 3533 flaqrabit
1337 3448 1542 3509 ABFT
1588 3454 1650 3510 et
1692 3467 1858 3513 corr.
1909 3449 2013 3512 P.·
2182 3487 2187 3488 ff

1102 3553 1209 3614 21.
1256 3550 1679 3614 necessitudine
1721 3560 1775 3614 et
1818 3552 2216 3618 beneuolentia
2248 3556 2384 3619 BR.

1102 3657 1208 3719 22.
1228 3656 1614 3717 coniunxerit
1626 3655 2037 3721 distrahentur
2047 3659 2469 3740 T.—9remioT

1085 3759 1208 3822 22.
1256 3758 1633 3840 diripiuntur
1659 3759 2070 3841 (deripiuntur
2095 3764 2162 3834 F,
2192 3761 2500 3843 eripiun-

1018 3871 1123 3926 tur
1163 3863 1246 3936 R,
1307 3863 1670 3943 diripientur
1712 3864 1794 3944 T)
1825 3874 2152 3946 parentum
2194 3867 2470 3929 PABFT.

1106 3966 1214 4028 23.
1260 3966 1692 4048 iuqulabuntur
1737 3969 1807 4031 T.
1857 4002 1940 4016 --
1983 3966 2179 4052 pedes]
2240 3969 2478 4032 heredes

1018 4068 1139 4145 PF,
1187 4070 1316 4132 edes
1359 4072 1409 4133 T
1454 4076 1518 4133 et
1560 4091 1751 4153 supra
1792 4093 2043 4136 versum
2090 4074 2156 4140 F.
2209 4106 2287 4119 —
2341 4091 2480 4135 con-

1018 4175 1452 4255 strupabuntur
1493 4176 1566 4238 T.

1102 4279 1208 4341 24.
1256 4296 1385 4341 rem
1426 4280 1576 4342 satis
1616 4281 1689 4343 T.
1719 4315 1804 4330 --
1837 4301 1946 4345 nec
1986 4281 2194 4365 efferre
2234 4279 2306 4344 B.

1103 4384 1207 4445 25.
1252 4382 1363 4445 hoc
1407 4401 1482 4448 ne
1521 4403 1731 4465 qenere
1774 4386 1840 4448 P.

1033 4483 1040 4494 '
1103 4486 1210 4548 26.
1258 4497 1685 4569 consequentur
1726 4508 1889 4557 corr.
1939 4491 2132 4574 antiq.
2180 4509 2268 4553 m.
2318 4489 2389 4550 P.

1102 4590 1209 4651 27.
1256 4592 1568 4653 universae
1609 4611 1734 4659 om.
1777 4594 1847 4656 F.

1102 4693 1206 4755 28.
1250 4711 1560 4758 remouens
1600 4697 1776 4760 AFT.

1103 4795 1207 4858 29.
1251 4798 1523 4860 oratione
1564 4800 1638 4863 R.
1663 4832 1746 4846 --
1768 4793 1894 4882 eqo]
1930 4820 2073 4884 erqo
2100 4802 2172 4865 F.
2202 4833 2283 4846 —-
2314 4797 2480 4883 quic-

1017 4915 1199 4985 quam
1239 4899 1348 4962 tibi
1382 4901 1463 4968 AT.
1497 4934 1582 4949 —
1609 4903 1863 4986 obiciam
1905 4904 2026 4969 FT.
2057 4935 2061 4942 ·

1750 670 1753 675 ·
1852 646 2033 710 VAR.
2081 642 2312 709 LECT.
2359 644 2469 709 AD
2513 639 3152 708 RHETORICORUM
3215 644 3220 655 '

2627 844 2731 907 30.
2757 837 2895 926 cin]
2923 843 2980 905 si
3000 842 3327 907 PABFRT.
3352 874 3436 887 —
3458 858 3822 903 commouere
3842 838 3992 903 PAB

2546 953 2609 1011 et
2651 967 2747 1033 pr.
2794 950 2865 1023 F,
2912 963 3319 1009 commoueare
3361 963 3452 1009 rc.
3501 946 3576 1008 F.-

2628 1121 2777 1203 Pag.
2826 1119 2932 1183 90.
2983 1140 3044 1181 v.
3097 1120 3156 1181 1.
3206 1117 3274 1180 de
3301 1116 3449 1180 meis
3466 1117 3740 1197 propriis
3767 1088 3999 1179 meritis

2543 1222 2773 1297 AFRT,
2819 1223 3052 1286 demens
3082 1222 3446 1304 propinquis
3485 1221 3718 1284 meritis
3748 1222 3820 1291 B.

2628 1340 2692 1400 2.
2738 1333 2857 1419 sin]
2905 1338 2960 1398 si
3003 1337 3332 1398 PABFRT.

2627 1452 2691 1513 4.
2741 1445 3166 1533 compendium]
3237 1448 3683 1571 concipiendum
3745 1448 3865 1511 FT.
3912 1479 3995 1494 —

2544 1563 2719 1637 atque
2764 1574 2891 1617 om.
2942 1555 3009 1618 F.

2628 1670 2688 1730 6.
2722 1675 2919 1750 potest
2962 1627 3172 1730 ΡΑΒ.
3227 1668 3290 1735 7.
3336 1663 3425 1750 de]
3474 1668 3542 1730 in
3583 1669 3656 1729 Β.

2629 1783 2688 1845 8.
2721 1784 2929 1863 primo
2972 1781 3126 1843 libro
3157 1780 3437 1844 PABRT.
3459 1780 3834 1842 —dioeimus
3866 1797 3993 1841 om.

2545 1905 2642 1966 pr.
2677 1885 2747 1946 P.
2783 1920 2859 1930 —
2885 1885 3202 1963 secundum
3229 1880 3663 1964 narrationem]
3696 1883 3838 1945 dum
3857 1901 4004 1944 nar-

2547 1988 2842 2050 rationem
2857 1988 3400 2050 demonstrauimus
3436 1988 3658 2061 PFRT,
3687 1988 3828 2049 dum
3855 2004 4003 2049 nar-

2547 2092 2850 2153 racionem
2899 2092 3433 2153 demonstrabimus
3489 2090 3664 2167 (dum
3706 2110 3870 2153 corr.
3933 2088 4004 2153 in

2546 2194 2890 2275 secundum)
2913 2191 3206 2277 A.—illa]
3235 2195 3389 2276 quod
3402 2194 3511 2256 illa
3528 2195 3634 2256 BR
3654 2200 3720 2256 et
3741 2212 3906 2257 corr.
3926 2194 3999 2255 A.

2631 2301 2696 2361 9.
2742 2301 2810 2361 in
2854 2306 3040 2381 totam
3081 2300 3409 2361 orationem
3452 2299 3729 2360 PBFRT.
3837 2331 3844 2337 ·

2636 2405 2737 2467 1·0.
2785 2424 2846 2465 se
2890 2423 3013 2469 om.
3055 2402 3125 2464 F.
3163 2437 3246 2449 —
3272 2402 3529 2465 breuiter
3556 2402 3700 2464 Bet
3728 2420 3891 2464 corr.
3920 2400 3995 2463 A.

2637 2510 2738 2582 11.
2779 2502 2906 2589 aut]
2953 2506 3049 2569 uel
3088 2507 3212 2569 FT.
3255 2547 3262 2554 -

2636 2612 2737 2673 12.
2785 2612 2854 2672 in
2896 2615 3039 2672 ante
3084 2619 3210 2672 tota
3253 2628 3376 2675 om.
3421 2612 3491 2673 P.
4057 2692 4062 2697 ⁴

2637 2716 2736 2777 13.
2783 2732 2972 2777 unum
3013 2733 3147 2776 cum
3188 2734 3304 2796 quo
3347 2703 3445 2796 pr.
3480 2714 3550 2789 P,
3596 2720 3784 2777 unum
3810 2713 4004 2775 locum

2547 2836 2664 2900 quo
2707 2819 2884 2887 ABR.
2927 2811 3141 2898 (unum
3183 2838 3298 2900 quo
3342 2837 3504 2883 corr.
3548 2817 3658 2897 P.)
3695 2850 3776 2863 —-
3794 2802 4020 2900 pacto]

2547 2923 2719 2986 modo
2771 2925 2842 2986 T.

2637 3030 2758 3091 14.
2785 3029 2898 3090 iste
2939 3027 3173 3090 tandem
3214 3026 3373 3090 abest
3403 3029 3476 3090 T.
3510 3061 3594 3073 —
3628 3026 3874 3109 quidest
3896 3044 4007 3087 cur

2547 3131 2772 3194 iudicio
2818 3128 3066 3213 (indicio
3110 3129 3183 3212 T)
3225 3130 3630 3194 uelitis-PFT
3674 3139 3736 3194 et
3778 3151 3874 3212 pr.
3923 3131 3999 3203 A,

2549 3235 2693 3316 quid
2734 3242 2818 3297 est
2860 3253 2972 3296 cur
3010 3235 3236 3296 iudices
3276 3234 3477 3297 uelitis
3519 3254 3682 3297 corr.
3731 3239 3781 3298 A
3798 3233 4008 3316 ,·quid
4035 3287 4057 3301 .

2551 3347 2638 3401 est
2679 3358 2790 3401 cur
2830 3338 3053 3400 iudicio
3097 3357 3229 3400 eum
3273 3338 3473 3400 uelitis
3515 3339 3586 3400 B.

2566 3485 2572 3492 -
2638 3444 2741 3507 17.
2788 3443 3038 3526 infestus
3094 3442 3365 3522 coqnatis
3420 3442 3752 3504 PABFRT.
3803 3474 3887 3486 ——-
3935 3439 4008 3502 in

2551 3567 2730 3630 equos
2772 3555 2826 3609 et
2864 3553 3068 3629 partes
3107 3546 3182 3609 B.

2640 3654 2739 3715 19.
2778 3650 3118 3715 Eiusdem·
3191 3650 3747 3714 -conioeturalibus
3784 3666 3909 3712 om.
3936 3647 4004 3711 F.

2637 3758 2741 3820 20.
2789 3755 3164 3837 opitulantur
3182 3774 3330 3837 quae
3350 3756 3745 3837 susceptiones
3764 3772 3913 3836 quae
3937 3753 4005 3815 F.
4057 3829 4070 3838 .
4117 3821 4132 3828 ,

2636 3861 2742 3922 21.
2788 3858 3138 3922 uiderentur
3177 3878 3277 3940 pr.
3326 3845 3394 3923 P'

2638 3967 2743 4028 22.
2789 3983 2911 4027 non
2953 3983 3078 4025 om.
3126 3965 3199 4025 B.
4037 4003 4046 4012 .

2639 4069 2745 4134 24.
2790 4069 2860 4131 in
2899 4086 3086 4131 unum
3114 4067 3367 4148 conserte
3393 4057 3463 4128 B.
3490 4098 3573 4115 --
3599 4068 3782 4129 istam
3802 4086 3901 4147 pr.
3930 4007 4020 4130 P&

2638 4171 2743 4236 25.
2787 4175 3068 4255 fortunae
3083 4171 3334 4253 familia
3365 4172 3459 4233 rei
3486 4188 3584 4255 ΡΥ.
3613 4170 3683 4242 Ρ,
3725 4170 4007 4248 [ortunae

2548 4277 2886 4360 familiaris
2909 4277 3002 4340 rei
3028 4276 3131 4338 AF
3162 4280 3226 4338 et
3248 4294 3410 4337 corr.
3444 4273 3517 4349 P,
3556 4273 4008 4355 fortunafami-

2554 4382 2703 4446 liari
2743 4382 2837 4445 rei
2878 4382 2948 4444 T.
3001 4417 3006 4420 ·

2639 4487 2744 4549 27.
2791 4482 3291 4548 commodioribue
3327 4481 3474 4543 aliis
3514 4481 3585 4542 T.

2638 4591 2744 4653 28.
2794 4596 2878 4652 est
2919 4587 2994 4651 ab
3034 4589 3149 4649 isto
3199 4586 3515 4668 quicquam
3567 4581 3860 4655 PAFRT,
3875 4612 3884 4618 -
3920 4586 4007 4643 est

2487 4695 2871 4777 quicquam
2911 4692 2985 4753 ab
3025 4692 3141 4753 icto
3183 4691 3257 4752 B.

2627 4800 2743 4862 29.
2786 4796 2907 4878 fuit
2949 4773 3114 4878 (biQJ2
3131 4781 3205 4856 Β.
3246 4827 3330 4840 -
3365 4790 3447 4854 ad
3483 4792 3950 4881 maleficium·-

2552 4918 2674 4966 non
2718 4900 2910 4997 suevit
2961 4915 3087 4962 om.
3150 4897 3324 4962 PAF.
3389 4890 3555 4977 (add.
3602 4916 3728 4978 mg.
3774 4890 3875 4976 A.)
3919 4925 4004 4942 --
