4620 5864
1056 625 1164 698 64
1904 625 2087 693 vAn.
2138 625 2366 693 LEcT.
2412 627 2517 690 An
2545 604 3200 709 nnmomconum

1052 831 1146 886 est
1178 823 1250 886 F.
1302 823 1563 902 (interea
1594 827 1825 890 uenisse
1863 827 2046 890 istum
2087 845 2252 892 corr.
2286 823 2393 911 A.)
2427 860 2502 874 —-
2585 836 2689 890 tur
2729 828 2903 901 PAR,
2952 845 3153 889 omnes
3193 833 3435 889 utentur
3475 828 3587 892 hac
3614 829 4043 905 BFT.-sub-

1053 922 1127 1009 et]
1176 947 1254 990 eoe
1297 930 1368 992 Β.
2586 933 2763 995 iicere
2804 932 2962 994 debet
3005 950 3335 994 sermonem
3384 935 3458 995 R.

1066 1072 1077 1075 r
1142 1033 1239 1093 10.
1288 1032 1543 1094 audiunt
1586 1035 1659 1097 T.
1694 1062 1777 1081 ——
1795 1035 2142 1116 pedissequo
2165 1056 2263 1117 pr.
2297 1035 2364 1108 P,
2398 1054 2507 1117 pe·
2670 1037 2771 1098 32.
2815 1044 2899 1098 est
2934 1036 3112 1098 malis
3148 1056 3266 1119 qua
3295 1056 3445 1118 quae
3474 1056 3572 1120 pr.
3607 1039 3673 1102 P.

1049 1134 1323 1217 dissequa
1351 1136 1505 1199 BRT
1534 1144 1597 1199 et
1625 1158 1791 1200 corr.
1820 1141 1885 1209 P,
1921 1138 2243 1220 pedisequa
2271 1138 2394 1200 AF.
2670 1142 2774 1202 33.
2823 1148 2991 1201 mitta
3032 1148 3087 1202 ct
3127 1141 3408 1221 informis
3458 1142 3530 1202 B.

1140 1240 1238 1304 11.
1283 1239 1601 1302 incolumis
1647 1241 2063 1304 adulescentia.
2126 1241 2239 1303 Vix
2277 1259 2377 1325 pr.
2430 1240 2500 1313 P,
2668 1244 2771 1305 34.
2815 1239 2906 1324 fit]
2955 1243 3035 1305 sit
3071 1245 3145 1305 R.
3180 1276 3263 1290 -
3288 1244 3560 1325 eloquens
3602 1245 3930 1333 PABFRT.
3957 1278 4041 1295 —-

1049 1342 1366 1404 incolumis
1408 1345 1487 1405 sit
1529 1345 1942 1408 adolescentia.
2006 1346 2119 1406 Vix
2159 1345 2282 1417 FT,
2334 1362 2500 1412 corr.
2577 1346 2797 1426 formei
2834 1354 2887 1407 et
2923 1347 3121 1408 oratio
3149 1366 3248 1428 pr.
3295 1347 3360 1420 P,
3401 1350 3604 1430 forma
3652 1350 3708 1411 ei
3744 1356 3797 1411 et
3841 1350 4038 1411 oratio

1049 1445 1097 1505 P
1139 1454 1202 1509 et
1230 1465 1326 1530 pr.
1355 1448 1430 1509 A.
1486 1443 1832 1530 (vulgatam
1873 1449 2206 1512 lectionem
2247 1447 2508 1510 exhibet
2586 1451 2684 1511 AF
2715 1455 2778 1511 et
2807 1468 2968 1512 corr.
2999 1451 3064 1523 P,
3095 1451 3374 1531 formata
3411 1453 3549 1513 etei
3583 1454 3779 1514 oratio
3803 1455 3870 1531 B,
3909 1454 4042 1532 sor-

1054 1568 1221 1615 corr.
1269 1551 1378 1630 A.)
2583 1559 2749 1614 mata
2785 1553 2839 1615 ei
2874 1561 2927 1615 et
2964 1554 3162 1644 oratio
3192 1556 3266 1627 Β,
3303 1555 3508 1636 forma
3535 1556 3590 1617 ei
3614 1565 3668 1618 et
3694 1557 3852 1618 ratio
3882 1558 3953 1618 T.

1059 1724 1065 1731 ‚
1140 1656 1237 1722 12.
1284 1655 1466 1718 Sodes
1501 1674 1665 1719 corr.
1707 1656 1899 1739 antiq.
1929 1676 2022 1730 m.
2062 1656 2131 1717 P.
2669 1657 2818 1738 Pag.
2857 1657 2994 1719 100.
3043 1678 3104 1720 v.
3135 1660 3194 1721 2.
3279 1659 3477 1723 mittat
3506 1659 3625 1722 ΡΒ.
3665 1692 3741 1705 -
3772 1661 4041 1795 loquetur

1135 1760 1238 1822 13.
1285 1755 1430 1841 vom]
1460 1760 1578 1821 uix
1607 1781 1705 1841 pr.
1733 1761 1803 1833 P,
1849 1760 1948 1821 uis
1969 1760 2016 1821 F
2048 1746 2111 1821 et
2132 1777 2296 1822 corr.
2333 1758 2399 1824 P.
2420 1792 2504 1805 —
2588 1762 2710 1829 RT.
2739 1794 2814 1807 —
2840 1780 2994 1841 erqo
3026 1761 3097 1823 F.

1048 1881 1212 1926 meas
1238 1853 1593 1943 inimicitias
1621 1863 1895 1926 PABFR.
2505 1857 2512 1863 ’
2668 1865 2730 1926 3.
2780 1857 3156 1947 locupletata]
3205 1866 3400 1928 ditata
3438 1865 3539 1929 AF
3544 1868 3612 1930 T
3657 1866 4040 1948 (locupletata

1142 1968 1240 2029 14.
1288 1964 1629 2050 metuebam]
1665 1968 1847 2030 uerba
1870 1968 1966 2029 PF
1996 1973 2060 2030 et
2085 1988 2183 2048 pr.
2213 1967 2289 2042 A,
2322 1966 2505 2028 uerba
2584 1986 2771 2054 supra
2794 1987 3042 2031 versum
3083 1966 3177 2050 F.)
3394 2030 3400 2040 ,

1052 2071 1377 2133 metuebam
1412 2073 1539 2145 BR,
1585 2072 1836 2137 uerebar
1877 2072 1927 2133 Τ
1965 2067 2201 2153 (recte).
2256 2070 2506 2149 (metue-
2666 2074 2729 2134 4.
2775 2092 2935 2134 nunc
2958 2090 3084 2135 om.
3118 2072 3243 2134 AF.
3277 2106 3350 2120 —-
3388 2092 3424 2134 o
3461 2093 3659 2137 ueoeor
3695 2075 3853 2137 ciues
3881 2077 3953 2138 Β.

1050 2175 1184 2239 bam
1213 2194 1380 2238 corr.
1414 2172 1514 2257 A.)
2670 2177 2733 2238 5.
2769 2176 3130 2258 ΡνοῑαεαΒ.

1142 2281 1240 2341 15.
1287 2278 1460 2359 uideo
1505 2286 1573 2339 tu
1620 2297 1848 2341 mecum
1878 2278 2023 2351 PF,
2070 2276 2243 2341 uideo
2279 2277 2505 2341 iudicio
2665 2280 2730 2341 6.
2767 2281 3058 2360 patimini
3085 2280 3359 2354 PABFR,
3394 2281 3677 2362 potinum
3704 2284 3776 2345 T.

1058 2400 1286 2445 mcum
1314 2383 1384 2444 T.
1407 2415 1491 2428 —
1516 2377 1879 2463 contendere]
1913 2389 2143 2443 certare
2170 2384 2244 2444 R.
2668 2384 2730 2445 7.
2779 2383 2852 2444 L.
2887 2403 3015 2445 om.
3060 2384 3133 2447 T.
3241 2385 3304 2447 8.
3351 2380 3493 2467 non]
3527 2386 3582 2446 si
3607 2403 3729 2446 mm
3757 2383 3824 2445 P.

1146 2487 1244 2548 17.
1291 2486 1389 2549 uis
1422 2505 1515 2547 me
1536 2488 1602 2551 B.
1631 2485 1753 2564 (me
1785 2504 1910 2548 om.
1946 2483 2139 2561 PFT.)
2169 2518 2251 2530 -
2280 2484 2509 2548 occides
2667 2487 2730 2549 8.
2779 2494 2980 2549 utetur
3007 2488 3240 2550 ratione
3270 2489 3342 2550 T.
3439 2489 3535 2551 10.
3573 2496 3860 2595 paratam
3887 2489 3955 2556 F.

1053 2590 1317 2673 equidem
1346 2591 1519 2663 FRT,
1553 2609 1717 2653 corr.
1754 2592 1797 2653 P
1830 2597 1892 2655 et
1923 2608 2018 2673 pr.
2058 2590 2134 2650 A.
2200 2585 2293 2671 (In
2326 2588 2373 2650 P
2410 2588 2510 2651 lit·
2670 2592 2770 2652 11.
2820 2591 3193 2672 confirmatio
3236 2592 3303 2658 F.

1056 2698 1227 2756 terae
1255 2713 1286 2755 s
1314 2715 1342 2756 e
1371 2693 1605 2756 suntin
1635 2690 1892 2775 rasura.)
2673 2694 2769 2757 12.
2801 2694 3013 2775 plures
3055 2696 3322 2776 iumutas
3350 2712 3445 2779 pr.
3481 2694 3548 2758 P.
3577 2726 3661 2742 -—
3684 2703 3860 2778 atqtoe
3902 2697 4039 2757 ista-

1128 2798 1244 2859 17.
1292 2793 1394 2879 At]
1445 2806 1513 2860 ut
1556 2816 1652 2882 pr.
1709 2798 1780 2872 P,
1841 2799 1936 2859 ait
1987 2799 2065 2860 A.
2099 2830 2178 2844 --
2217 2798 2329 2859 iste
2374 2815 2500 2858 om.
2557 2797 2779 2859 nimos
2824 2797 2952 2870 PF,
2995 2816 3127 2865 om.
3182 2800 3253 2861 T.
3283 2807 3458 2860 —ut
3501 2800 3908 2889 transferatur
3934 2817 4031 2883 pr.

1053 2900 1384 2982 PABFRT.
2582 2900 2652 2962 P.
2686 2930 2758 2943 -
2782 2878 3022 2982 proficit
3065 2896 3283 2983 tamen]
3334 2901 3433 2963 sed
3451 2902 3693 2984 proficit
3724 2903 3793 2977 P,
3838 2910 4038 2966 tamen

1143 3008 1244 3069 18.
1294 3015 1552 3086 tempore
1592 3014 1644 3067 et
1683 3005 1777 3069 PF
1820 3011 1883 3068 et
1910 3004 2086 3090 pr.A
2093 3005 2329 3079 ,etiam
2364 3011 2510 3065 tem-
2570 3005 2816 3086 proficit
2852 3006 3025 3068 FRT.
3075 3002 3298 3088 (tamen
3326 3025 3455 3067 om.
3490 3005 3604 3085 B.)
3949 3040 3953 3044 -

1048 3128 1195 3190 pore
1224 3110 1295 3170 T.
1328 3142 1412 3154 —
1440 3109 1757 3170 sententias
1785 3108 2075 3190 eloqueris
2116 3108 2262 3170 PFT
2305 3113 2370 3169 et
2413 3126 2506 3191 pr.
2672 3110 2770 3176 14.
2819 3117 2904 3169 est
2940 3127 3037 3169 res
3081 3128 3230 3189 quae
3274 3107 3602 3194 PABFRT.

1055 3212 1132 3287 A,
1179 3213 1520 3275 sententiose
1548 3212 1806 3294 loqueris
1844 3231 2008 3276 corr.
2050 3212 2123 3272 A.
2174 3243 2177 3246 ·
2525 3199 2528 3200 ⁷
2559 3267 2570 3284 ,
2670 3213 2768 3273 16.
2817 3211 3203 3275 abscisionem
3235 3213 3508 3298 PABFT.
3548 3212 3702 3276 item
3738 3209 3918 3276 infra.
3943 3245 4035 3296 ⁴—

1141 3317 1243 3379 19.
1290 3316 1480 3378 Immo
1501 3315 1610 3379 iste
1634 3316 1869 3397 quidem
1892 3324 2065 3397 roqat
2087 3314 2416 3378 PABFRT.
2581 3314 3059 3398 exuberationem
3090 3315 3157 3377 h.
3197 3311 3238 3376 Ι.
3282 3317 3356 3378 Τ.

1138 3420 1241 3480 22.
1289 3419 1412 3481 Cur
1436 3415 1576 3501 non]
1620 3420 1779 3502 Quid
1808 3439 1904 3505 pr.
1939 3420 2009 3512 P.
2451 3443 2454 3444 ⁷
2670 3420 2769 3481 17.
2821 3427 2905 3481 est
2948 3419 3176 3481 dictum
3221 3419 3500 3486 PAFRT.

1140 3523 1244 3585 23.
1292 3541 1414 3584 non
1446 3525 1567 3585 sint
1611 3541 1707 3605 pr.
1757 3523 1825 3584 P.
1903 3571 1911 3578 .
2671 3524 2772 3584 18.
2821 3518 2960 3605 qua]
3009 3524 3112 3604 qui
3140 3542 3238 3607 pr.
3281 3524 3350 3586 P.

1139 3627 1244 3688 24.
1292 3645 1521 3689 omnem
1549 3626 1655 3688 tibi
1678 3628 1750 3687 T.
1780 3660 1862 3671 —
1880 3645 2073 3688 meam
2098 3644 2336 3688 morum
2358 3644 2508 3688 sem-
2672 3627 2771 3688 19.
2821 3618 3119 3708 relinquat
3160 3629 3231 3699 B,
3275 3628 3559 3710 relinquit
3594 3630 3662 3691 F.
3752 3625 3759 3630 ’

1044 3748 1163 3811 per
1182 3731 1292 3791 iste
1310 3729 1425 3800 PF,
1469 3749 1602 3792 mea
1629 3739 1816 3792 morte
1846 3731 2105 3818 auferre.
2154 3730 2271 3791 Iste
2293 3748 2390 3812 pr.
2429 3733 2501 3803 A,
2667 3730 2771 3792 20.
2820 3730 2920 3792 sed
2958 3731 3256 3812 accipitur
3298 3741 3494 3794 tamen
3533 3733 3601 3795 in
3642 3734 3713 3795 Β.
3748 3762 3832 3778 -·
3875 3727 4027 3816 eam]

1055 3853 1187 3895 mea
1235 3834 1461 3914 eripere
1510 3843 1727 3897 morte.
1762 3835 1880 3896 Iste
1932 3837 2003 3900 Β,
2048 3853 2179 3895 mea
2216 3827 2283 3895 in
2320 3841 2509 3896 morte
2582 3852 2768 3895 unam
2819 3834 2891 3895 T.

1053 3939 1306 4001 dirimit.
1353 3939 1570 4001 Iste'T.
1616 3935 1872 4020 (eripere
1900 3956 2061 4002 corr.
2100 3938 2215 4017 A.)
2668 3938 2768 4005 21.
2811 3937 2880 4000 de
2912 3958 2978 4000 eo
3015 3946 3083 4000 ut
3115 3940 3172 4000 si
3211 3939 3377 4002 dicas
3416 3940 3490 4016 A,
3520 3947 3600 4004 ut
3634 3940 3689 4002 si
3727 3940 3897 4003 dicas
3928 3879 4033 4004 deo

1139 4043 1245 4106 25.
1292 4043 1551 4126 reppulit
1573 4062 1613 4105 a
1640 4063 1700 4105 se
1722 4043 1800 4118 A,
1847 4043 2073 4124 repellit
2102 4043 2175 4106 ab
2205 4061 2265 4104 se
2291 4044 2367 4117 Β,
2407 4062 2512 4123 pe-
2583 4043 2656 4115 B,
2703 4050 2767 4103 ut
2796 4042 2852 4104 si
2876 4042 2944 4105 de
2971 4063 3037 4105 eo
3065 4043 3233 4105 dicas
3264 4046 3337 4107 T.

1045 4145 1208 4227 pulit
1246 4165 1286 4206 a
1329 4166 1390 4207 se
1433 4146 1554 4208 FT.
1593 4147 1801 4210 —ille
1842 4148 1912 4209 F.
2088 4177 2089 4180 ¹
2666 4147 2772 4208 22.
2807 4146 3169 4232 plurimum]
3219 4148 3470 4211 multum
3518 4150 3602 4211 Β.-
3631 4183 3712 4198 -—-
3757 4150 4033 4232 ambiguo

1141 4250 1245 4311 27.
1294 4249 1432 4312 dato
1454 4250 1524 4325 P,
1571 4251 1776 4314 datum
1816 4252 1885 4313 F.
1916 4283 1995 4295 —
2021 4251 2313 4314 sermonis
2333 4249 2401 4313 F.
2425 4286 2507 4296 —
2583 4269 2681 4332 pr.
2730 4252 2799 4312 P.

1056 4353 1483 4416 accommodati
1509 4399 1524 4415 .
1557 4399 1572 4415 .
1600 4354 1665 4416 id
1706 4353 1861 4436 quod
1900 4355 1965 4428 P,
2011 4353 2502 4417 accommodatae.
2596 4437 2600 4442 .
2668 4354 2768 4415 23.
2813 4348 2923 4435 ita]
2953 4352 3093 4415 item
3122 4351 3216 4414 PF
3249 4361 3312 4416 et
3332 4374 3430 4437 pr.
3459 4357 3531 4420 A.

1059 4456 1213 4540 quod
1252 4459 1390 4531 AT,
1437 4457 1930 4532 accommodatios
1972 4457 2035 4520 id
2075 4458 2230 4539 quod
2271 4458 2318 4519 F
2341 4503 2360 4532 ,
2408 4478 2509 4521 ac·-
2667 4457 2769 4542 24.
2815 4456 3235 4537 repperiuntur
3276 4460 3409 4533 AF,
3453 4467 3786 4542 repetentur
3828 4462 3901 4522 B.
3951 4493 4032 4507 —

1059 4560 1455 4622 commodatos
1488 4561 1706 4646 scilicet
1735 4560 1801 4621 id
1825 4561 1980 4642 quod
2008 4563 2081 4623 R.
2577 4561 2863 4643 facillime
2907 4563 2976 4623 T.
3006 4594 3089 4606 —-
3126 4569 3178 4622 et
3209 4563 3476 4626 animum
3500 4563 3935 4629 aduerterimus
3956 4564 4024 4636 P,

1145 4665 1249 4727 28.
1297 4664 1408 4726 hoc
1432 4681 1560 4726 om.
1593 4662 1687 4725 PF
1717 4670 1779 4725 et
1807 4685 1905 4745 pr.
1933 4663 2007 4726 A.
2035 4698 2118 4711 —
2152 4684 2509 4729 conseruare
2584 4673 2638 4727 et
2665 4665 2742 4726 ad
2768 4666 3037 4727 animum
3071 4665 3503 4730 aduerterimus
3532 4668 3610 4744 A,
3671 4679 3726 4732 et
3774 4668 3854 4737 ad
3897 4668 4032 4750 ani-ff

1058 4765 1338 4839 PAFRT,
1385 4767 1732 4828 conseruari
1765 4767 1833 4830 Β.
2584 4768 3081 4833 maduerterimus
3135 4770 3204 4832 F.

1147 4870 1249 4937 30.
1294 4869 1636 4932 iudicaritis
1675 4872 1744 4934 P.
1801 4904 1883 4915 —
1962 4891 2160 4936 omnes
2199 4873 2313 4936 hac
2346 4880 2512 4936 uten-
2668 4874 2769 4936 26.
2806 4868 2895 4954 fit]
2941 4880 3022 4934 est
3064 4873 3229 4943 PFT.
3257 4907 3339 4920 —
3368 4887 3691 4958 sequantur
3722 4876 3946 4956 PBRT.
