<?xml version="1.0" encoding="UTF-8"?>
<!DOCTYPE html PUBLIC "-//W3C//DTD XHTML 1.0 Transitional//EN"
    "http://www.w3.org/TR/xhtml1/DTD/xhtml1-transitional.dtd">
<html xmlns="http://www.w3.org/1999/xhtml" xml:lang="en" lang="en">
 <head>
  <title>
</title>
<meta http-equiv="Content-Type" content="text/html;charset=utf-8" />
  <meta name='ocr-system' content='tesseract 3.04.00' />
  <meta name='ocr-capabilities' content='ocr_page ocr_carea ocr_par ocr_line ocrx_word'/>
</head>
<body>
  <div class='ocr_page' id='page_1' title='image "./varietaslection00baitgoog_0008.png"; bbox 0 0 4620 5864; ppageno 0'>
   <div class='ocr_carea' id='block_1_1' title="bbox 1010 611 3148 688">
    <p class='ocr_par' dir='ltr' id='par_1_1' title="bbox 1010 611 3148 688">
     <span class='ocr_line' id='line_1_1' title="bbox 1010 611 3148 688; baseline -0.004 0"><span class='ocrx_word' id='word_1_1' title='bbox 1010 615 1068 688; x_wconf 83' lang='grc'><strong>4</strong></span> <span class='ocrx_word' id='word_1_2' title='bbox 1872 613 2055 681; x_wconf 81' lang='lat' dir='ltr'><strong><em>VAR.</em></strong></span> <span class='ocrx_word' id='word_1_3' title='bbox 2098 613 2323 680; x_wconf 88' lang='lat' dir='ltr'><strong>LECT.</strong></span> <span class='ocrx_word' id='word_1_4' title='bbox 2364 613 2474 679; x_wconf 73' lang='lat' dir='ltr'><strong><em>AD</em></strong></span> <span class='ocrx_word' id='word_1_5' title='bbox 2517 611 3148 681; x_wconf 79' lang='lat' dir='ltr'><strong>RHETORICORUM</strong></span> 
     </span>
    </p>
   </div>
   <div class='ocr_carea' id='block_1_2' title="bbox 1004 812 2469 2543">
    <p class='ocr_par' dir='ltr' id='par_1_2' title="bbox 1008 812 2469 1006">
     <span class='ocr_line' id='line_1_2' title="bbox 1098 812 2469 896; baseline -0.003 -13"><span class='ocrx_word' id='word_1_6' title='bbox 1098 817 1202 883; x_wconf 86' lang='grc'><strong><em>17.</em></strong></span> <span class='ocrx_word' id='word_1_7' title='bbox 1248 813 1531 883; x_wconf 80' lang='lat' dir='ltr'><strong><em>uideatur</em></strong></span> <span class='ocrx_word' id='word_1_8' title='bbox 1549 832 1672 879; x_wconf 72' lang='lat' dir='ltr'><strong><em>esee</em></strong></span> <span class='ocrx_word' id='word_1_9' title='bbox 1694 814 1916 890; x_wconf 87' lang='lat' dir='ltr'><strong>PBRT,</strong></span> <span class='ocrx_word' id='word_1_10' title='bbox 1943 812 2225 879; x_wconf 83' lang='lat' dir='ltr'><strong><em>uideatur</em></strong></span> <span class='ocrx_word' id='word_1_11' title='bbox 2244 810 2469 896; x_wconf 86' lang='lat' dir='ltr'><strong><em>(omis-</em></strong></span> 
     </span>
     <span class='ocr_line' id='line_1_3' title="bbox 1008 917 1389 1006; baseline -0.003 -20"><span class='ocrx_word' id='word_1_12' title='bbox 1008 938 1085 986; x_wconf 71' lang='lat' dir='ltr'><strong><em>so</em></strong></span> <span class='ocrx_word' id='word_1_13' title='bbox 1128 917 1275 1006; x_wconf 73' lang='lat' dir='ltr'><strong><em>esse)</em></strong></span> <span class='ocrx_word' id='word_1_14' title='bbox 1314 924 1389 985; x_wconf 83' lang='lat' dir='ltr'><strong><em>A.</em></strong></span> 
     </span>
    </p>

    <p class='ocr_par' dir='ltr' id='par_1_3' title="bbox 1010 1022 2460 1315">
     <span class='ocr_line' id='line_1_4' title="bbox 1094 1022 2460 1088; baseline -0.002 0"><span class='ocrx_word' id='word_1_15' title='bbox 1094 1027 1202 1088; x_wconf 94' lang='grc'><strong><em>20.</em></strong></span> <span class='ocrx_word' id='word_1_16' title='bbox 1251 1024 1458 1088; x_wconf 81' lang='lat' dir='ltr'><strong><em>leviter</em></strong></span> <span class='ocrx_word' id='word_1_17' title='bbox 1509 1030 1869 1088; x_wconf 72' lang='lat' dir='ltr'><strong><em>commatato</em></strong></span> <span class='ocrx_word' id='word_1_18' title='bbox 1935 1041 2063 1087; x_wconf 89' lang='lat' dir='ltr'><strong><em>om.</em></strong></span> <span class='ocrx_word' id='word_1_19' title='bbox 2128 1022 2460 1087; x_wconf 83' lang='lat' dir='ltr'><strong>PABFRT.</strong></span> 
     </span>
     <span class='ocr_line' id='line_1_5' title="bbox 1010 1122 2457 1212; baseline 0.001 -20"><span class='ocrx_word' id='word_1_20' title='bbox 1010 1129 1108 1193; x_wconf 84' lang='lat' dir='ltr'><strong><em>Ad</em></strong></span> <span class='ocrx_word' id='word_1_21' title='bbox 1164 1145 1384 1194; x_wconf 81' lang='lat' dir='ltr'><strong><em>vocem</em></strong></span> <span class='ocrx_word' id='word_1_22' title='bbox 1439 1128 1748 1192; x_wconf 80' lang='lat' dir='ltr'><strong><em>contrario</em></strong></span> <span class='ocrx_word' id='word_1_23' title='bbox 1798 1130 1853 1193; x_wconf 86' lang='lat' dir='ltr'><strong>R</strong></span> <span class='ocrx_word' id='word_1_24' title='bbox 1913 1122 2105 1192; x_wconf 77' lang='lat' dir='ltr'><strong><em>habet</em></strong></span> <span class='ocrx_word' id='word_1_25' title='bbox 2159 1124 2457 1212; x_wconf 76' lang='lat' dir='ltr'><strong>glossam:</strong></span> 
     </span>
     <span class='ocr_line' id='line_1_6' title="bbox 1010 1232 1714 1315; baseline -0.003 -18"><span class='ocrx_word' id='word_1_26' title='bbox 1010 1233 1131 1297; x_wconf 82' lang='lat' dir='ltr'><strong><em>leui</em></strong></span> <span class='ocrx_word' id='word_1_27' title='bbox 1163 1235 1334 1315; x_wconf 76' lang='lat' dir='ltr'><strong><em>saeta</em></strong></span> <span class='ocrx_word' id='word_1_28' title='bbox 1364 1232 1714 1296; x_wconf 74' lang='lat' dir='ltr'><strong><em>mutatione.</em></strong></span> 
     </span>
    </p>

    <p class='ocr_par' dir='ltr' id='par_1_4' title="bbox 1009 1333 2465 1521">
     <span class='ocr_line' id='line_1_7' title="bbox 1097 1333 2465 1418; baseline -0.002 -18"><span class='ocrx_word' id='word_1_29' title='bbox 1097 1336 1331 1409; x_wconf 72' lang='grc' dir='ltr'><strong>21.,ο.τ</strong></span> <span class='ocrx_word' id='word_1_30' title='bbox 1357 1337 1667 1399; x_wconf 76' lang='lat' dir='ltr'><strong><em>emurario</em></strong></span> <span class='ocrx_word' id='word_1_31' title='bbox 1690 1335 1916 1417; x_wconf 87' lang='lat' dir='ltr'><strong><em>poterit</em></strong></span> <span class='ocrx_word' id='word_1_32' title='bbox 1948 1335 2043 1398; x_wconf 86' lang='lat' dir='ltr'><strong><em>uti</em></strong></span> <span class='ocrx_word' id='word_1_33' title='bbox 2072 1333 2310 1408; x_wconf 80' lang='lat' dir='ltr'><strong>PABT,</strong></span> <span class='ocrx_word' id='word_1_34' title='bbox 2349 1354 2465 1418; x_wconf 88' lang='lat' dir='ltr'><strong><em>po-</em></strong></span> 
     </span>
     <span class='ocr_line' id='line_1_8' title="bbox 1009 1434 2181 1521; baseline -0.003 -16"><span class='ocrx_word' id='word_1_35' title='bbox 1009 1441 1154 1505; x_wconf 83' lang='lat' dir='ltr'><strong><em>terit</em></strong></span> <span class='ocrx_word' id='word_1_36' title='bbox 1178 1440 1272 1504; x_wconf 87' lang='lat' dir='ltr'><strong><em>uti</em></strong></span> <span class='ocrx_word' id='word_1_37' title='bbox 1307 1437 1591 1520; x_wconf 78' lang='lat' dir='ltr'><strong><em>(omissis</em></strong></span> <span class='ocrx_word' id='word_1_38' title='bbox 1630 1458 1711 1502; x_wconf 77' lang='lat' dir='ltr'><strong><em>ex</em></strong></span> <span class='ocrx_word' id='word_1_39' title='bbox 1746 1434 2080 1521; x_wconf 79' lang='lat' dir='ltr'><strong><em>contrario)</em></strong></span> <span class='ocrx_word' id='word_1_40' title='bbox 2113 1440 2181 1502; x_wconf 89' lang='lat' dir='ltr'><strong>F.</strong></span> 
     </span>
    </p>

    <p class='ocr_par' dir='ltr' id='par_1_5' title="bbox 1010 1542 2464 1729">
     <span class='ocr_line' id='line_1_9' title="bbox 1092 1542 2464 1626; baseline 0.001 -18"><span class='ocrx_word' id='word_1_41' title='bbox 1092 1545 1200 1609; x_wconf 88' lang='grc'><strong><em>22.</em></strong></span> <span class='ocrx_word' id='word_1_42' title='bbox 1244 1545 1564 1626; x_wconf 73' lang='lat' dir='ltr'><strong><em>apparatis</em></strong></span> <span class='ocrx_word' id='word_1_43' title='bbox 1604 1561 1702 1626; x_wconf 79' lang='lat' dir='ltr'><strong><em>pr.</em></strong></span> <span class='ocrx_word' id='word_1_44' title='bbox 1747 1542 1829 1615; x_wconf 87' lang='lat' dir='ltr'><strong><em>P,</em></strong></span> <span class='ocrx_word' id='word_1_45' title='bbox 1901 1549 2232 1625; x_wconf 85' lang='lat' dir='ltr'><strong><em>apparatae</em></strong></span> <span class='ocrx_word' id='word_1_46' title='bbox 2264 1542 2343 1611; x_wconf 84' lang='lat' dir='ltr'><strong><em>A.</em></strong></span> <span class='ocrx_word' id='word_1_47' title='bbox 2381 1574 2464 1589; x_wconf 89' lang='lat'><em>-</em></span> 
     </span>
     <span class='ocr_line' id='line_1_10' title="bbox 1010 1646 1976 1729; baseline -0.004 -17"><span class='ocrx_word' id='word_1_48' title='bbox 1010 1657 1116 1713; x_wconf 86' lang='lat' dir='ltr'><strong><em>aut</em></strong></span> <span class='ocrx_word' id='word_1_49' title='bbox 1141 1650 1400 1711; x_wconf 78' lang='lat' dir='ltr'><strong><em>nimium</em></strong></span> <span class='ocrx_word' id='word_1_50' title='bbox 1422 1647 1664 1729; x_wconf 72' lang='lat' dir='ltr'><strong><em>lonqum</em></strong></span> <span class='ocrx_word' id='word_1_51' title='bbox 1700 1646 1976 1710; x_wconf 82' lang='lat' dir='ltr'><strong>PABFT.</strong></span> 
     </span>
    </p>

    <p class='ocr_par' dir='ltr' id='par_1_6' title="bbox 1008 1747 2465 1922">
     <span class='ocr_line' id='line_1_11' title="bbox 1008 1747 2465 1819; baseline -0.002 -2"><span class='ocrx_word' id='word_1_52' title='bbox 1008 1788 1011 1789; x_wconf 27' lang='grc' dir='ltr'><em>ν</em></span> <span class='ocrx_word' id='word_1_53' title='bbox 1093 1753 1204 1817; x_wconf 82' lang='grc'><strong><em>23.</em></strong></span> <span class='ocrx_word' id='word_1_54' title='bbox 1250 1750 1867 1816; x_wconf 78' lang='lat' dir='ltr'><strong><em>uideaturPABFRT.</em></strong></span> <span class='ocrx_word' id='word_1_55' title='bbox 1887 1783 1969 1795; x_wconf 92' lang='lat'>—</span> <span class='ocrx_word' id='word_1_56' title='bbox 1990 1750 2208 1819; x_wconf 78' lang='lat' dir='ltr'><strong><em>Verba</em></strong></span> <span class='ocrx_word' id='word_1_57' title='bbox 2224 1747 2465 1816; x_wconf 78' lang='lat' dir='ltr'><strong><em>seclusa</em></strong></span> 
     </span>
     <span class='ocr_line' id='line_1_12' title="bbox 1010 1855 1510 1922; baseline 0 0"><span class='ocrx_word' id='word_1_58' title='bbox 1010 1874 1136 1922; x_wconf 85' lang='lat' dir='ltr'><strong><em>om.</em></strong></span> <span class='ocrx_word' id='word_1_59' title='bbox 1179 1855 1510 1922; x_wconf 81' lang='lat' dir='ltr'><strong>PABFRT.</strong></span> 
     </span>
    </p>

    <p class='ocr_par' dir='ltr' id='par_1_7' title="bbox 1093 1953 2461 2041">
     <span class='ocr_line' id='line_1_13' title="bbox 1093 1953 2461 2041; baseline -0.001 -19"><span class='ocrx_word' id='word_1_60' title='bbox 1093 1959 1201 2022; x_wconf 90' lang='grc'><strong><em>25.</em></strong></span> <span class='ocrx_word' id='word_1_61' title='bbox 1248 1953 1624 2041; x_wconf 77' lang='lat' dir='ltr'><strong><em>narratione]</em></strong></span> <span class='ocrx_word' id='word_1_62' title='bbox 1673 1958 2055 2021; x_wconf 72' lang='lat' dir='ltr'><strong><em>narrationis</em></strong></span> <span class='ocrx_word' id='word_1_63' title='bbox 2080 1959 2367 2025; x_wconf 64' lang='lat' dir='ltr'><strong><em>sannatia</em></strong></span> <span class='ocrx_word' id='word_1_64' title='bbox 2384 1961 2461 2025; x_wconf 89' lang='lat' dir='ltr'><strong><em>R.</em></strong></span> 
     </span>
    </p>

    <p class='ocr_par' dir='ltr' id='par_1_8' title="bbox 1094 2061 2467 2143">
     <span class='ocr_line' id='line_1_14' title="bbox 1094 2061 2467 2143; baseline 0.001 -17"><span class='ocrx_word' id='word_1_65' title='bbox 1094 2062 1204 2127; x_wconf 87' lang='grc'><strong><em>26.</em></strong></span> <span class='ocrx_word' id='word_1_66' title='bbox 1247 2061 1441 2143; x_wconf 74' lang='lat' dir='ltr'><strong><em>faciat</em></strong></span> <span class='ocrx_word' id='word_1_67' title='bbox 1459 2064 1535 2126; x_wconf 87' lang='lat' dir='ltr'><strong><em>R.</em></strong></span> <span class='ocrx_word' id='word_1_68' title='bbox 1549 2091 1632 2108; x_wconf 92' lang='lat'><strong><em>·-</em></strong></span> <span class='ocrx_word' id='word_1_69' title='bbox 1661 2062 1813 2127; x_wconf 71' lang='lat' dir='ltr'><strong><em>satis</em></strong></span> <span class='ocrx_word' id='word_1_70' title='bbox 1825 2061 1943 2124; x_wconf 87' lang='lat' dir='ltr'><strong><em>erit</em></strong></span> <span class='ocrx_word' id='word_1_71' title='bbox 1958 2061 2181 2125; x_wconf 77' lang='lat' dir='ltr'><strong><em>dictum</em></strong></span> <span class='ocrx_word' id='word_1_72' title='bbox 2194 2062 2467 2127; x_wconf 88' lang='lat' dir='ltr'><strong>PBFRT.</strong></span> 
     </span>
    </p>

    <p class='ocr_par' dir='ltr' id='par_1_9' title="bbox 1004 2164 2469 2354">
     <span class='ocr_line' id='line_1_15' title="bbox 1095 2164 2469 2247; baseline 0.001 -18"><span class='ocrx_word' id='word_1_73' title='bbox 1095 2166 1202 2230; x_wconf 71' lang='lat'><strong><em>2⁸.</em></strong></span> <span class='ocrx_word' id='word_1_74' title='bbox 1251 2166 1378 2229; x_wconf 80' lang='lat' dir='ltr'><strong><em>tria</em></strong></span> <span class='ocrx_word' id='word_1_75' title='bbox 1417 2182 1637 2247; x_wconf 68' lang='lat' dir='ltr'><strong><em>qma</em></strong></span> <span class='ocrx_word' id='word_1_76' title='bbox 1670 2173 1811 2228; x_wconf 72' lang='lat' dir='ltr'><strong><em>eunt</em></strong></span> <span class='ocrx_word' id='word_1_77' title='bbox 1856 2164 2097 2239; x_wconf 82' lang='lat' dir='ltr'><strong>PAFR.</strong></span> <span class='ocrx_word' id='word_1_78' title='bbox 2160 2174 2301 2229; x_wconf 72' lang='lat' dir='ltr'><strong><em>sunt</em></strong></span> <span class='ocrx_word' id='word_1_79' title='bbox 2341 2167 2469 2231; x_wconf 84' lang='lat' dir='ltr'><strong><em>tria</em></strong></span> 
     </span>
     <span class='ocr_line' id='line_1_16' title="bbox 1004 2269 2340 2354; baseline -0.003 -19"><span class='ocrx_word' id='word_1_80' title='bbox 1004 2287 1232 2354; x_wconf 68' lang='lat' dir='ltr'><strong><em>ymera</em></strong></span> <span class='ocrx_word' id='word_1_81' title='bbox 1264 2271 1337 2335; x_wconf 87' lang='grc' dir='ltr'><strong><em>Τ.</em></strong></span> <span class='ocrx_word' id='word_1_82' title='bbox 1366 2300 1451 2315; x_wconf 91' lang='grc'><strong><em>-·</em></strong></span> <span class='ocrx_word' id='word_1_83' title='bbox 1500 2269 1696 2333; x_wconf 74' lang='lat' dir='ltr'><strong><em>Unum</em></strong></span> <span class='ocrx_word' id='word_1_84' title='bbox 1724 2284 1840 2351; x_wconf 76' lang='lat' dir='ltr'><strong><em>quo</em></strong></span> <span class='ocrx_word' id='word_1_85' title='bbox 1877 2286 2236 2351; x_wconf 71' lang='lat' dir='ltr'><strong><em>exponemus</em></strong></span> <span class='ocrx_word' id='word_1_86' title='bbox 2267 2270 2340 2333; x_wconf 93' lang='grc' dir='ltr'><strong>Β.</strong></span> 
     </span>
    </p>

    <p class='ocr_par' dir='ltr' id='par_1_10' title="bbox 1008 2373 2467 2543">
     <span class='ocr_line' id='line_1_17' title="bbox 1096 2373 2467 2535; baseline -0.001 -97"><span class='ocrx_word' id='word_1_87' title='bbox 1096 2375 1203 2438; x_wconf 92' lang='grc'><strong><em>29.</em></strong></span> <span class='ocrx_word' id='word_1_88' title='bbox 1265 2391 1363 2437; x_wconf 74' lang='lat' dir='ltr'><strong><em>ree</em></strong></span> <span class='ocrx_word' id='word_1_89' title='bbox 1443 2380 1640 2459; x_wconf 74' lang='lat' dir='ltr'><strong><em>qestas</em></strong></span> <span class='ocrx_word' id='word_1_90' title='bbox 1711 2373 1783 2437; x_wconf 78' lang='lat' dir='ltr'><strong><em>A.</em></strong></span> <span class='ocrx_word' id='word_1_91' title='bbox 1850 2406 1934 2419; x_wconf 90' lang='lat'><strong><em>—-</em></strong></span> <span class='ocrx_word' id='word_1_92' title='bbox 2015 2373 2467 2535; x_wconf 71' lang='lat' dir='ltr'><strong><em>mwnquodque</em></strong></span> 
     </span>
     <span class='ocr_line' id='line_1_18' title="bbox 1008 2476 1874 2543; baseline -0.005 0"><span class='ocrx_word' id='word_1_93' title='bbox 1008 2476 1287 2543; x_wconf 84' lang='lat' dir='ltr'><strong>PABFT.</strong></span> <span class='ocrx_word' id='word_1_94' title='bbox 1332 2504 1416 2519; x_wconf 94' lang='lat'><strong><em>—-</em></strong></span> <span class='ocrx_word' id='word_1_95' title='bbox 1458 2476 1764 2542; x_wconf 72' lang='lat' dir='ltr'><strong><em>trahemus</em></strong></span> <span class='ocrx_word' id='word_1_96' title='bbox 1802 2476 1874 2541; x_wconf 91' lang='lat' dir='ltr'><strong><em>B.</em></strong></span> 
     </span>
    </p>
   </div>
   <div class='ocr_carea' id='block_1_3' title="bbox 1008 2615 2467 2889">
    <p class='ocr_par' dir='ltr' id='par_1_11' title="bbox 1008 2615 2467 2889">
     <span class='ocr_line' id='line_1_19' title="bbox 1097 2615 2467 2703; baseline 0.002 -23"><span class='ocrx_word' id='word_1_97' title='bbox 1097 2618 1244 2702; x_wconf 80' lang='lat' dir='ltr'><strong><em>Pag.</em></strong></span> <span class='ocrx_word' id='word_1_98' title='bbox 1284 2616 1350 2682; x_wconf 85' lang='lat'><strong><em>7.</em></strong></span> <span class='ocrx_word' id='word_1_99' title='bbox 1404 2635 1465 2683; x_wconf 80' lang='lat' dir='ltr'><strong><em>v.</em></strong></span> <span class='ocrx_word' id='word_1_100' title='bbox 1511 2618 1572 2686; x_wconf 77' lang='lat'><strong><em>3.</em></strong></span> <span class='ocrx_word' id='word_1_101' title='bbox 1656 2615 2095 2703; x_wconf 73' lang='lat' dir='ltr'><strong><em>apparationis]</em></strong></span> <span class='ocrx_word' id='word_1_102' title='bbox 2152 2619 2301 2683; x_wconf 85' lang='lat' dir='ltr'><strong>Post</strong></span> <span class='ocrx_word' id='word_1_103' title='bbox 2342 2620 2467 2683; x_wconf 84' lang='lat' dir='ltr'><strong><em>hoc</em></strong></span> 
     </span>
     <span class='ocr_line' id='line_1_20' title="bbox 1008 2716 2466 2806; baseline -0.001 -19"><span class='ocrx_word' id='word_1_104' title='bbox 1008 2716 1278 2787; x_wconf 77' lang='lat' dir='ltr'><strong><em>verbum</em></strong></span> <span class='ocrx_word' id='word_1_105' title='bbox 1320 2738 1445 2806; x_wconf 84' lang='lat' dir='ltr'><strong><em>mg.</em></strong></span> <span class='ocrx_word' id='word_1_106' title='bbox 1491 2722 1572 2786; x_wconf 88' lang='lat' dir='ltr'><strong><em>B:</em></strong></span> <span class='ocrx_word' id='word_1_107' title='bbox 1614 2722 1707 2786; x_wconf 84' lang='lat' dir='ltr'><strong><em>vel</em></strong></span> <span class='ocrx_word' id='word_1_108' title='bbox 1743 2722 2146 2786; x_wconf 74' lang='lat' dir='ltr'><strong><em>delectationis</em></strong></span> <span class='ocrx_word' id='word_1_109' title='bbox 2181 2732 2287 2787; x_wconf 88' lang='lat' dir='ltr'><strong><em>aut</em></strong></span> <span class='ocrx_word' id='word_1_110' title='bbox 2336 2741 2466 2787; x_wconf 86' lang='lat' dir='ltr'><strong><em>am-</em></strong></span> 
     </span>
     <span class='ocr_line' id='line_1_21' title="bbox 2117 2827 2214 2889; baseline -0.01 0"><span class='ocrx_word' id='word_1_111' title='bbox 2117 2827 2214 2889; x_wconf 86' lang='lat' dir='ltr'><strong><em>uel</em></strong></span> 
     </span>
    </p>
   </div>
   <div class='ocr_carea' id='block_1_4' title="bbox 2541 834 3998 1817">
    <p class='ocr_par' dir='ltr' id='par_1_12' title="bbox 3359 834 3389 876">
     <span class='ocr_line' id='line_1_22' title="bbox 3359 834 3389 876; baseline 0 0"><span class='ocrx_word' id='word_1_112' title='bbox 3359 834 3389 876; x_wconf 74' lang='lat' dir='ltr'><strong><em>i</em></strong></span> 
     </span>
    </p>

    <p class='ocr_par' dir='ltr' id='par_1_13' title="bbox 2637 896 3922 983">
     <span class='ocr_line' id='line_1_23' title="bbox 2637 896 3922 983; baseline -0.007 -13"><span class='ocrx_word' id='word_1_113' title='bbox 2637 900 2740 971; x_wconf 82' lang='lat'><strong><em>28.</em></strong></span> <span class='ocrx_word' id='word_1_114' title='bbox 2789 900 2910 963; x_wconf 73' lang='lat' dir='ltr'><strong><em>sint</em></strong></span> <span class='ocrx_word' id='word_1_115' title='bbox 2948 898 3072 964; x_wconf 83' lang='lat' dir='ltr'><strong>AF.</strong></span> <span class='ocrx_word' id='word_1_116' title='bbox 3105 929 3189 944; x_wconf 94' lang='lat'><strong><em>—-</em></strong></span> <span class='ocrx_word' id='word_1_117' title='bbox 3232 897 3387 963; x_wconf 73' lang='lat' dir='ltr'><strong><em>scire</em></strong></span> <span class='ocrx_word' id='word_1_118' title='bbox 3420 896 3488 967; x_wconf 90' lang='lat' dir='ltr'><strong><em>P.</em></strong></span> <span class='ocrx_word' id='word_1_119' title='bbox 3515 930 3598 947; x_wconf 90' lang='lat'><strong><em>-·-·</em></strong></span> <span class='ocrx_word' id='word_1_120' title='bbox 3635 898 3829 983; x_wconf 70' lang='lat' dir='ltr'><strong><em>possit</em></strong></span> <span class='ocrx_word' id='word_1_121' title='bbox 3852 899 3922 964; x_wconf 93' lang='lat' dir='ltr'><strong>F.</strong></span> 
     </span>
    </p>

    <p class='ocr_par' dir='ltr' id='par_1_14' title="bbox 2628 1001 3470 1088">
     <span class='ocr_line' id='line_1_24' title="bbox 2628 1001 3470 1088; baseline -0.001 -18"><span class='ocrx_word' id='word_1_122' title='bbox 2628 1008 2735 1070; x_wconf 90' lang='grc'><strong><em>29.</em></strong></span> <span class='ocrx_word' id='word_1_123' title='bbox 2783 1001 2987 1088; x_wconf 65' lang='lat' dir='ltr'><strong><em>oenus]</em></strong></span> <span class='ocrx_word' id='word_1_124' title='bbox 3019 1022 3203 1087; x_wconf 73' lang='lat' dir='ltr'><strong><em>qenus</em></strong></span> <span class='ocrx_word' id='word_1_125' title='bbox 3230 1010 3315 1067; x_wconf 72' lang='lat' dir='ltr'><strong><em>est</em></strong></span> <span class='ocrx_word' id='word_1_126' title='bbox 3341 1003 3470 1069; x_wconf 83' lang='lat' dir='ltr'><strong><em>AR.</em></strong></span> 
     </span>
    </p>

    <p class='ocr_par' dir='ltr' id='par_1_15' title="bbox 2629 1105 3439 1192">
     <span class='ocr_line' id='line_1_25' title="bbox 2629 1105 3439 1192; baseline -0.006 -18"><span class='ocrx_word' id='word_1_127' title='bbox 2629 1111 2735 1174; x_wconf 87' lang='grc'><strong>30.</strong></span> <span class='ocrx_word' id='word_1_128' title='bbox 2784 1105 3045 1192; x_wconf 81' lang='lat' dir='ltr'><strong><em>omnino]</em></strong></span> <span class='ocrx_word' id='word_1_129' title='bbox 3094 1107 3324 1171; x_wconf 81' lang='lat' dir='ltr'><strong><em>homini</em></strong></span> <span class='ocrx_word' id='word_1_130' title='bbox 3369 1107 3439 1169; x_wconf 95' lang='lat' dir='ltr'><strong><em>P.</em></strong></span> 
     </span>
    </p>

    <p class='ocr_par' dir='ltr' id='par_1_16' title="bbox 2544 1209 3995 1381">
     <span class='ocr_line' id='line_1_26' title="bbox 2626 1209 3995 1298; baseline 0.001 -21"><span class='ocrx_word' id='word_1_131' title='bbox 2626 1214 2733 1277; x_wconf 90' lang='grc'><strong><em>32.</em></strong></span> <span class='ocrx_word' id='word_1_132' title='bbox 2779 1209 2983 1296; x_wconf 73' lang='lat' dir='ltr'><strong><em>uehis]</em></strong></span> <span class='ocrx_word' id='word_1_133' title='bbox 3013 1212 3184 1275; x_wconf 81' lang='lat' dir='ltr'><strong><em>nobis</em></strong></span> <span class='ocrx_word' id='word_1_134' title='bbox 3202 1231 3298 1298; x_wconf 86' lang='lat' dir='ltr'><strong><em>pr.</em></strong></span> <span class='ocrx_word' id='word_1_135' title='bbox 3321 1212 3393 1275; x_wconf 90' lang='lat' dir='ltr'><strong><em>T.</em></strong></span> <span class='ocrx_word' id='word_1_136' title='bbox 3420 1245 3504 1260; x_wconf 89' lang='lat'><em>-</em></span> <span class='ocrx_word' id='word_1_137' title='bbox 3531 1212 3995 1280; x_wconf 75' lang='lat' dir='ltr'><strong><em>dieamusidem.</em></strong></span> 
     </span>
     <span class='ocr_line' id='line_1_27' title="bbox 2544 1317 3319 1381; baseline -0.003 -2"><span class='ocrx_word' id='word_1_138' title='bbox 2544 1318 2871 1381; x_wconf 81' lang='lat' dir='ltr'><strong><em>cauendum</em></strong></span> <span class='ocrx_word' id='word_1_139' title='bbox 2901 1318 3082 1381; x_wconf 88' lang='lat' dir='ltr'><strong><em>etiam</em></strong></span> <span class='ocrx_word' id='word_1_140' title='bbox 3117 1324 3204 1380; x_wconf 73' lang='lat' dir='ltr'><strong><em>est</em></strong></span> <span class='ocrx_word' id='word_1_141' title='bbox 3247 1317 3319 1379; x_wconf 91' lang='lat' dir='ltr'><strong><em>B.</em></strong></span> 
     </span>
    </p>

    <p class='ocr_par' dir='ltr' id='par_1_17' title="bbox 2541 1420 3998 1817">
     <span class='ocr_line' id='line_1_28' title="bbox 2624 1420 3998 1507; baseline 0.001 -21"><span class='ocrx_word' id='word_1_142' title='bbox 2624 1423 2730 1486; x_wconf 83' lang='lat'><strong><em>33.</em></strong></span> <span class='ocrx_word' id='word_1_143' title='bbox 2777 1442 2852 1485; x_wconf 82' lang='lat' dir='ltr'><strong><em>ne</em></strong></span> <span class='ocrx_word' id='word_1_144' title='bbox 2880 1421 3026 1505; x_wconf 78' lang='lat' dir='ltr'><strong><em>quid</em></strong></span> <span class='ocrx_word' id='word_1_145' title='bbox 3057 1420 3227 1485; x_wconf 71' lang='lat' dir='ltr'><strong><em>nobis</em></strong></span> <span class='ocrx_word' id='word_1_146' title='bbox 3258 1422 3435 1483; x_wconf 74' lang='lat' dir='ltr'><strong><em>semel</em></strong></span> <span class='ocrx_word' id='word_1_147' title='bbox 3479 1421 3543 1484; x_wconf 89' lang='lat' dir='ltr'><strong><em>id</em></strong></span> <span class='ocrx_word' id='word_1_148' title='bbox 3598 1422 3754 1504; x_wconf 83' lang='lat' dir='ltr'><strong><em>quod</em></strong></span> <span class='ocrx_word' id='word_1_149' title='bbox 3807 1444 3998 1507; x_wconf 66' lang='lat' dir='ltr'><strong><em>cupra</em></strong></span> 
     </span>
     <span class='ocr_line' id='line_1_29' title="bbox 2542 1523 3995 1607; baseline 0.005 -20"><span class='ocrx_word' id='word_1_150' title='bbox 2542 1525 2813 1591; x_wconf 68' lang='lat' dir='ltr'><strong><em>diximus</em></strong></span> <span class='ocrx_word' id='word_1_151' title='bbox 2840 1526 2916 1599; x_wconf 89' lang='lat' dir='ltr'><strong><em>P,</em></strong></span> <span class='ocrx_word' id='word_1_152' title='bbox 2956 1546 3031 1589; x_wconf 77' lang='lat' dir='ltr'><strong><em>ue</em></strong></span> <span class='ocrx_word' id='word_1_153' title='bbox 3057 1526 3123 1589; x_wconf 89' lang='lat' dir='ltr'><strong><em>id</em></strong></span> <span class='ocrx_word' id='word_1_154' title='bbox 3147 1523 3306 1607; x_wconf 76' lang='lat' dir='ltr'><strong><em>quod</em></strong></span> <span class='ocrx_word' id='word_1_155' title='bbox 3325 1525 3501 1588; x_wconf 80' lang='lat' dir='ltr'><strong><em>semel</em></strong></span> <span class='ocrx_word' id='word_1_156' title='bbox 3525 1525 3799 1590; x_wconf 69' lang='lat' dir='ltr'><strong><em>diximus</em></strong></span> <span class='ocrx_word' id='word_1_157' title='bbox 3820 1530 3995 1603; x_wconf 84' lang='lat' dir='ltr'><strong>AFR.</strong></span> 
     </span>
     <span class='ocr_line' id='line_1_30' title="bbox 2541 1627 3997 1712; baseline 0.003 -20"><span class='ocrx_word' id='word_1_158' title='bbox 2541 1648 2614 1692; x_wconf 78' lang='lat' dir='ltr'><strong><em>ne</em></strong></span> <span class='ocrx_word' id='word_1_159' title='bbox 2641 1630 2707 1693; x_wconf 90' lang='lat' dir='ltr'><strong><em>id</em></strong></span> <span class='ocrx_word' id='word_1_160' title='bbox 2733 1630 2889 1712; x_wconf 83' lang='lat' dir='ltr'><strong><em>quod</em></strong></span> <span class='ocrx_word' id='word_1_161' title='bbox 2913 1647 3103 1710; x_wconf 83' lang='lat' dir='ltr'><strong><em>supra</em></strong></span> <span class='ocrx_word' id='word_1_162' title='bbox 3135 1627 3312 1692; x_wconf 75' lang='lat' dir='ltr'><strong><em>semel</em></strong></span> <span class='ocrx_word' id='word_1_163' title='bbox 3359 1627 3632 1692; x_wconf 76' lang='lat' dir='ltr'><strong><em>diximus</em></strong></span> <span class='ocrx_word' id='word_1_164' title='bbox 3668 1632 3748 1706; x_wconf 90' lang='lat' dir='ltr'><strong><em>B,</em></strong></span> <span class='ocrx_word' id='word_1_165' title='bbox 3797 1651 3871 1696; x_wconf 82' lang='lat' dir='ltr'><strong><em>ne</em></strong></span> <span class='ocrx_word' id='word_1_166' title='bbox 3908 1652 3997 1696; x_wconf 76' lang='lat' dir='ltr'><strong><em>se-</em></strong></span> 
     </span>
     <span class='ocr_line' id='line_1_31' title="bbox 2542 1732 3553 1817; baseline 0 -21"><span class='ocrx_word' id='word_1_167' title='bbox 2542 1734 2657 1797; x_wconf 88' lang='lat' dir='ltr'><strong><em>mel</em></strong></span> <span class='ocrx_word' id='word_1_168' title='bbox 2692 1733 2757 1795; x_wconf 87' lang='lat' dir='ltr'><strong><em>id</em></strong></span> <span class='ocrx_word' id='word_1_169' title='bbox 2782 1733 2941 1817; x_wconf 75' lang='lat' dir='ltr'><strong><em>quod</em></strong></span> <span class='ocrx_word' id='word_1_170' title='bbox 2966 1750 3155 1815; x_wconf 72' lang='lat' dir='ltr'><strong><em>supra</em></strong></span> <span class='ocrx_word' id='word_1_171' title='bbox 3180 1732 3452 1795; x_wconf 68' lang='lat' dir='ltr'><strong><em>diximus</em></strong></span> <span class='ocrx_word' id='word_1_172' title='bbox 3480 1735 3553 1796; x_wconf 96' lang='grc' dir='ltr'><strong>Τ.</strong></span> 
     </span>
    </p>
   </div>
   <div class='ocr_carea' id='block_1_5' title="bbox 2539 1872 3998 2894">
    <p class='ocr_par' dir='ltr' id='par_1_18' title="bbox 2543 1872 3994 2044">
     <span class='ocr_line' id='line_1_32' title="bbox 2628 1872 3994 1959; baseline -0.001 -21"><span class='ocrx_word' id='word_1_173' title='bbox 2628 1875 2771 1959; x_wconf 78' lang='lat' dir='ltr'><strong><em>Pag.</em></strong></span> <span class='ocrx_word' id='word_1_174' title='bbox 2805 1875 2865 1938; x_wconf 89' lang='lat'><strong><em>8.</em></strong></span> <span class='ocrx_word' id='word_1_175' title='bbox 2907 1893 2971 1944; x_wconf 81' lang='lat' dir='ltr'><strong><em>v.</em></strong></span> <span class='ocrx_word' id='word_1_176' title='bbox 3007 1878 3065 1938; x_wconf 86' lang='lat'><strong><em>1.</em></strong></span> <span class='ocrx_word' id='word_1_177' title='bbox 3155 1891 3461 1937; x_wconf 74' lang='lat' dir='ltr'><strong><em>mearum</em></strong></span> <span class='ocrx_word' id='word_1_178' title='bbox 3490 1872 3616 1950; x_wconf 88' lang='lat' dir='ltr'><strong>PF,</strong></span> <span class='ocrx_word' id='word_1_179' title='bbox 3662 1876 3810 1940; x_wconf 78' lang='lat' dir='ltr'><strong><em>item</em></strong></span> <span class='ocrx_word' id='word_1_180' title='bbox 3849 1895 3909 1941; x_wconf 83' lang='lat' dir='ltr'><strong><em>v.</em></strong></span> <span class='ocrx_word' id='word_1_181' title='bbox 3934 1879 3994 1940; x_wconf 88' lang='grc'><strong><em>2.</em></strong></span> 
     </span>
     <span class='ocr_line' id='line_1_33' title="bbox 2543 1979 3209 2044; baseline 0.003 -3"><span class='ocrx_word' id='word_1_182' title='bbox 2543 2011 2625 2025; x_wconf 89' lang='grc'>-</span> <span class='ocrx_word' id='word_1_183' title='bbox 2668 1980 2821 2042; x_wconf 71' lang='lat' dir='ltr'><strong><em>simo</em></strong></span> <span class='ocrx_word' id='word_1_184' title='bbox 2856 1979 3101 2042; x_wconf 77' lang='lat' dir='ltr'><strong><em>aduenit</em></strong></span> <span class='ocrx_word' id='word_1_185' title='bbox 3134 1981 3209 2044; x_wconf 89' lang='lat' dir='ltr'><strong><em>R.</em></strong></span> 
     </span>
    </p>

    <p class='ocr_par' dir='ltr' id='par_1_19' title="bbox 2540 2082 3998 2267">
     <span class='ocr_line' id='line_1_34' title="bbox 2625 2082 3998 2157; baseline 0.004 -11"><span class='ocrx_word' id='word_1_186' title='bbox 2625 2084 2690 2146; x_wconf 84' lang='grc'><strong><em>2.</em></strong></span> <span class='ocrx_word' id='word_1_187' title='bbox 2736 2082 2842 2146; x_wconf 83' lang='lat' dir='ltr'><strong><em>ubi</em></strong></span> <span class='ocrx_word' id='word_1_188' title='bbox 2868 2083 3112 2146; x_wconf 82' lang='lat' dir='ltr'><strong><em>aduenit</em></strong></span> <span class='ocrx_word' id='word_1_189' title='bbox 3135 2102 3218 2148; x_wconf 88' lang='lat' dir='ltr'><strong><em>m.</em></strong></span> <span class='ocrx_word' id='word_1_190' title='bbox 3244 2083 3531 2157; x_wconf 86' lang='lat' dir='ltr'><strong>PABFR,</strong></span> <span class='ocrx_word' id='word_1_191' title='bbox 3572 2084 3677 2149; x_wconf 82' lang='lat' dir='ltr'><strong><em>ubi</em></strong></span> <span class='ocrx_word' id='word_1_192' title='bbox 3701 2103 3786 2150; x_wconf 85' lang='lat' dir='ltr'><strong><em>m.</em></strong></span> <span class='ocrx_word' id='word_1_193' title='bbox 3818 2085 3998 2151; x_wconf 78' lang='lat' dir='ltr'><strong><em>adue-</em></strong></span> 
     </span>
     <span class='ocr_line' id='line_1_35' title="bbox 2540 2187 3417 2267; baseline 0.003 -16"><span class='ocrx_word' id='word_1_194' title='bbox 2540 2188 2632 2251; x_wconf 77' lang='lat' dir='ltr'><strong><em>nit</em></strong></span> <span class='ocrx_word' id='word_1_195' title='bbox 2660 2191 2729 2252; x_wconf 91' lang='lat' dir='ltr'><strong><em>T.</em></strong></span> <span class='ocrx_word' id='word_1_196' title='bbox 2761 2220 2843 2232; x_wconf 93' lang='lat'>—</span> <span class='ocrx_word' id='word_1_197' title='bbox 2879 2188 3022 2267; x_wconf 76' lang='lat' dir='ltr'><strong><em>fecit</em></strong></span> <span class='ocrx_word' id='word_1_198' title='bbox 3051 2187 3309 2250; x_wconf 72' lang='lat' dir='ltr'><strong><em>insidias</em></strong></span> <span class='ocrx_word' id='word_1_199' title='bbox 3344 2188 3417 2256; x_wconf 91' lang='lat' dir='ltr'><strong><em>B.</em></strong></span> 
     </span>
    </p>

    <p class='ocr_par' dir='ltr' id='par_1_20' title="bbox 2625 2291 3260 2360">
     <span class='ocr_line' id='line_1_36' title="bbox 2625 2291 3260 2360; baseline 0.005 -4"><span class='ocrx_word' id='word_1_200' title='bbox 2625 2293 2688 2356; x_wconf 86' lang='lat'><strong><em>3.</em></strong></span> <span class='ocrx_word' id='word_1_201' title='bbox 2737 2291 2946 2354; x_wconf 75' lang='lat' dir='ltr'><strong><em>intulit</em></strong></span> <span class='ocrx_word' id='word_1_202' title='bbox 2980 2306 3148 2356; x_wconf 80' lang='lat' dir='ltr'><strong><em>corr.</em></strong></span> <span class='ocrx_word' id='word_1_203' title='bbox 3187 2293 3260 2360; x_wconf 85' lang='lat' dir='ltr'><strong><em>R.</em></strong></span> 
     </span>
    </p>

    <p class='ocr_par' dir='ltr' id='par_1_21' title="bbox 2623 2394 3176 2478">
     <span class='ocr_line' id='line_1_37' title="bbox 2623 2394 3176 2478; baseline 0.002 -19"><span class='ocrx_word' id='word_1_204' title='bbox 2623 2395 2689 2459; x_wconf 95' lang='grc'><strong>4.</strong></span> <span class='ocrx_word' id='word_1_205' title='bbox 2736 2394 3018 2478; x_wconf 82' lang='lat' dir='ltr'><strong><em>quicquid</em></strong></span> <span class='ocrx_word' id='word_1_206' title='bbox 3049 2396 3176 2460; x_wconf 88' lang='lat' dir='ltr'><strong>FR.</strong></span> 
     </span>
    </p>

    <p class='ocr_par' dir='ltr' id='par_1_22' title="bbox 2539 2498 3987 2684">
     <span class='ocr_line' id='line_1_38' title="bbox 2623 2498 3987 2581; baseline 0.004 -18"><span class='ocrx_word' id='word_1_207' title='bbox 2623 2501 2686 2563; x_wconf 83' lang='lat'><strong><em>5.</em></strong></span> <span class='ocrx_word' id='word_1_208' title='bbox 2721 2500 2998 2581; x_wconf 87' lang='lat' dir='ltr'><strong><em>primum</em></strong></span> <span class='ocrx_word' id='word_1_209' title='bbox 3066 2516 3192 2566; x_wconf 89' lang='lat' dir='ltr'><strong><em>om.</em></strong></span> <span class='ocrx_word' id='word_1_210' title='bbox 3245 2498 3314 2567; x_wconf 92' lang='lat' dir='ltr'><strong><em>F.</em></strong></span> <span class='ocrx_word' id='word_1_211' title='bbox 3354 2532 3438 2545; x_wconf 89' lang='lat'>-</span> <span class='ocrx_word' id='word_1_212' title='bbox 3503 2501 3876 2567; x_wconf 72' lang='lat' dir='ltr'><strong><em>seruabimus</em></strong></span> <span class='ocrx_word' id='word_1_213' title='bbox 3918 2504 3987 2568; x_wconf 92' lang='lat' dir='ltr'><strong>F.</strong></span> 
     </span>
     <span class='ocr_line' id='line_1_39' title="bbox 2539 2602 3537 2684; baseline 0.003 -18"><span class='ocrx_word' id='word_1_214' title='bbox 2539 2602 3055 2684; x_wconf 69' lang='lat' dir='ltr'><strong><em>(conseruabimus</em></strong></span> <span class='ocrx_word' id='word_1_215' title='bbox 3093 2602 3370 2666; x_wconf 80' lang='lat' dir='ltr'><strong><em>ordinem</em></strong></span> <span class='ocrx_word' id='word_1_216' title='bbox 3421 2605 3537 2682; x_wconf 87' lang='lat' dir='ltr'><strong><em>R.)</em></strong></span> 
     </span>
    </p>

    <p class='ocr_par' dir='ltr' id='par_1_23' title="bbox 2624 2708 3770 2790">
     <span class='ocr_line' id='line_1_40' title="bbox 2624 2708 3770 2790; baseline -0.001 -15"><span class='ocrx_word' id='word_1_217' title='bbox 2624 2709 2689 2775; x_wconf 85' lang='lat'><strong><em>6.</em></strong></span> <span class='ocrx_word' id='word_1_218' title='bbox 2735 2725 2834 2770; x_wconf 73' lang='lat' dir='ltr'><strong><em>ree</em></strong></span> <span class='ocrx_word' id='word_1_219' title='bbox 2864 2713 3059 2790; x_wconf 74' lang='lat' dir='ltr'><strong><em>qestae</em></strong></span> <span class='ocrx_word' id='word_1_220' title='bbox 3088 2709 3160 2775; x_wconf 92' lang='lat' dir='ltr'><strong><em>T.</em></strong></span> <span class='ocrx_word' id='word_1_221' title='bbox 3198 2739 3283 2754; x_wconf 90' lang='lat'><em>-</em></span> <span class='ocrx_word' id='word_1_222' title='bbox 3326 2708 3666 2773; x_wconf 82' lang='lat' dir='ltr'><strong><em>uidebimur</em></strong></span> <span class='ocrx_word' id='word_1_223' title='bbox 3700 2712 3770 2774; x_wconf 89' lang='lat' dir='ltr'><strong><em>F.</em></strong></span> 
     </span>
    </p>

    <p class='ocr_par' dir='ltr' id='par_1_24' title="bbox 2622 2810 3995 2894">
     <span class='ocr_line' id='line_1_41' title="bbox 2622 2810 3995 2894; baseline 0.005 -21"><span class='ocrx_word' id='word_1_224' title='bbox 2622 2812 2686 2874; x_wconf 78' lang='lat'><strong><em>7.</em></strong></span> <span class='ocrx_word' id='word_1_225' title='bbox 2730 2810 3072 2893; x_wconf 84' lang='lat' dir='ltr'><strong><em>perturbate</em></strong></span> <span class='ocrx_word' id='word_1_226' title='bbox 3098 2829 3173 2874; x_wconf 79' lang='lat' dir='ltr'><strong><em>ne</em></strong></span> <span class='ocrx_word' id='word_1_227' title='bbox 3199 2811 3344 2893; x_wconf 77' lang='lat' dir='ltr'><strong><em>quid</em></strong></span> <span class='ocrx_word' id='word_1_228' title='bbox 3377 2813 3524 2875; x_wconf 80' lang='lat' dir='ltr'><strong><em>noui</em></strong></span> <span class='ocrx_word' id='word_1_229' title='bbox 3554 2810 3680 2894; x_wconf 80' lang='lat' dir='ltr'><strong><em>(sic)</em></strong></span> <span class='ocrx_word' id='word_1_230' title='bbox 3724 2815 3995 2880; x_wconf 73' lang='lat' dir='ltr'><strong><em>dicamue</em></strong></span> 
     </span>
    </p>
   </div>
   <div class='ocr_carea' id='block_1_6' title="bbox 1003 2906 3994 3002">
    <p class='ocr_par' dir='ltr' id='par_1_25' title="bbox 1003 2906 3994 3002">
     <span class='ocr_line' id='line_1_42' title="bbox 1003 2906 3994 3002; baseline 0.001 -24"><span class='ocrx_word' id='word_1_231' title='bbox 1003 2913 1416 2999; x_wconf 72' lang='lat' dir='ltr'><strong><em>plifieatiouie.</em></strong></span> <span class='ocrx_word' id='word_1_232' title='bbox 1448 2941 1530 2956; x_wconf 91' lang='lat'>—</span> <span class='ocrx_word' id='word_1_233' title='bbox 1572 2908 1684 2998; x_wconf 81' lang='lat' dir='ltr'><strong><em>vel]</em></strong></span> <span class='ocrx_word' id='word_1_234' title='bbox 1732 2920 1840 2977; x_wconf 88' lang='lat' dir='ltr'><strong><em>aut</em></strong></span> <span class='ocrx_word' id='word_1_235' title='bbox 1867 2912 2050 2987; x_wconf 86' lang='lat' dir='ltr'><strong>AFT,</strong></span> <span class='ocrx_word' id='word_1_236' title='bbox 2107 2919 2214 2976; x_wconf 87' lang='lat' dir='ltr'><strong><em>aut</em></strong></span> <span class='ocrx_word' id='word_1_237' title='bbox 2248 2915 2322 2978; x_wconf 91' lang='lat' dir='ltr'><strong><em>R.</em></strong></span> <span class='ocrx_word' id='word_1_238' title='bbox 2354 2906 2467 2997; x_wconf 86' lang='lat' dir='ltr'><strong><em>(vel</em></strong></span> <span class='ocrx_word' id='word_1_239' title='bbox 2540 2910 3067 2999; x_wconf 79' lang='lat' dir='ltr'><strong><em>(omissisnequid</em></strong></span> <span class='ocrx_word' id='word_1_240' title='bbox 3083 2923 3347 2980; x_wconf 78' lang='lat' dir='ltr'><strong><em>contorte</em></strong></span> <span class='ocrx_word' id='word_1_241' title='bbox 3367 2917 3598 2998; x_wconf 73' lang='lat' dir='ltr'><strong><em>nequid</em></strong></span> <span class='ocrx_word' id='word_1_242' title='bbox 3611 2916 3994 3002; x_wconf 66' lang='lat' dir='ltr'><strong><em>ambique)P</em></strong></span> 
     </span>
    </p>
   </div>
   <div class='ocr_carea' id='block_1_7' title="bbox 1012 3016 1673 3098">
    <p class='ocr_par' dir='ltr' id='par_1_26' title="bbox 1012 3016 1673 3098">
     <span class='ocr_line' id='line_1_43' title="bbox 1012 3016 1673 3098; baseline -0.008 -15"><span class='ocrx_word' id='word_1_243' title='bbox 1012 3018 1379 3083; x_wconf 73' lang='lat' dir='ltr'><strong><em>laudationis</em></strong></span> <span class='ocrx_word' id='word_1_244' title='bbox 1406 3035 1534 3082; x_wconf 86' lang='lat' dir='ltr'><strong><em>om.</em></strong></span> <span class='ocrx_word' id='word_1_245' title='bbox 1562 3016 1673 3098; x_wconf 90' lang='lat' dir='ltr'><strong><em>P.)</em></strong></span> 
     </span>
    </p>
   </div>
   <div class='ocr_carea' id='block_1_8' title="bbox 1095 3121 1885 3412">
    <p class='ocr_par' dir='ltr' id='par_1_27' title="bbox 1095 3121 1885 3412">
     <span class='ocr_line' id='line_1_44' title="bbox 1095 3121 1809 3205; baseline -0.007 -18"><span class='ocrx_word' id='word_1_246' title='bbox 1095 3123 1161 3187; x_wconf 93' lang='grc'><strong>4.</strong></span> <span class='ocrx_word' id='word_1_247' title='bbox 1208 3142 1251 3185; x_wconf 90' lang='lat' dir='ltr'><strong><em>a</em></strong></span> <span class='ocrx_word' id='word_1_248' title='bbox 1291 3140 1416 3186; x_wconf 89' lang='lat' dir='ltr'><strong><em>om.</em></strong></span> <span class='ocrx_word' id='word_1_249' title='bbox 1460 3122 1508 3185; x_wconf 90' lang='lat' dir='ltr'><strong>F</strong></span> <span class='ocrx_word' id='word_1_250' title='bbox 1535 3127 1599 3184; x_wconf 85' lang='lat' dir='ltr'><strong><em>et</em></strong></span> <span class='ocrx_word' id='word_1_251' title='bbox 1630 3121 1809 3205; x_wconf 85' lang='lat' dir='ltr'><strong><em>pr.A</em></strong></span> 
     </span>
     <span class='ocr_line' id='line_1_45' title="bbox 1096 3166 1834 3308; baseline -0.003 -20"><span class='ocrx_word' id='word_1_252' title='bbox 1096 3227 1160 3289; x_wconf 83' lang='lat'><strong><em>6.</em></strong></span> <span class='ocrx_word' id='word_1_253' title='bbox 1206 3244 1426 3308; x_wconf 78' lang='lat' dir='ltr'><strong><em>ymera</em></strong></span> <span class='ocrx_word' id='word_1_254' title='bbox 1464 3234 1607 3288; x_wconf 75' lang='lat' dir='ltr'><strong><em>sunt</em></strong></span> <span class='ocrx_word' id='word_1_255' title='bbox 1647 3166 1834 3287; x_wconf 50' lang='lat' dir='ltr'><strong>PAF.·</strong></span> 
     </span>
     <span class='ocr_line' id='line_1_46' title="bbox 1100 3324 1885 3412; baseline -0.001 -18"><span class='ocrx_word' id='word_1_256' title='bbox 1100 3331 1165 3394; x_wconf 85' lang='grc'><strong>9.</strong></span> <span class='ocrx_word' id='word_1_257' title='bbox 1209 3324 1407 3412; x_wconf 76' lang='lat' dir='ltr'><strong><em>veras]</em></strong></span> <span class='ocrx_word' id='word_1_258' title='bbox 1453 3348 1635 3392; x_wconf 79' lang='lat' dir='ltr'><strong><em>ueras</em></strong></span> <span class='ocrx_word' id='word_1_259' title='bbox 1673 3348 1773 3392; x_wconf 73' lang='lat' dir='ltr'><strong><em>res</em></strong></span> <span class='ocrx_word' id='word_1_260' title='bbox 1811 3331 1885 3395; x_wconf 88' lang='lat' dir='ltr'><strong><em>R.</em></strong></span> 
     </span>
    </p>
   </div>
   <div class='ocr_carea' id='block_1_9' title="bbox 2528 3019 3996 3103">
    <p class='ocr_par' dir='ltr' id='par_1_28' title="bbox 2528 3019 3996 3103">
     <span class='ocr_line' id='line_1_47' title="bbox 2528 3019 3996 3103; baseline 0.002 -21"><span class='ocrx_word' id='word_1_261' title='bbox 2528 3020 2873 3101; x_wconf 85' lang='lat' dir='ltr'><strong><em>perturbate</em></strong></span> <span class='ocrx_word' id='word_1_262' title='bbox 2911 3040 2986 3083; x_wconf 76' lang='lat' dir='ltr'><strong><em>ne</em></strong></span> <span class='ocrx_word' id='word_1_263' title='bbox 3026 3019 3170 3103; x_wconf 80' lang='lat' dir='ltr'><strong><em>quid</em></strong></span> <span class='ocrx_word' id='word_1_264' title='bbox 3209 3027 3473 3082; x_wconf 75' lang='lat' dir='ltr'><strong><em>contorte</em></strong></span> <span class='ocrx_word' id='word_1_265' title='bbox 3503 3039 3577 3083; x_wconf 77' lang='lat' dir='ltr'><strong><em>ue</em></strong></span> <span class='ocrx_word' id='word_1_266' title='bbox 3628 3023 3772 3103; x_wconf 81' lang='lat' dir='ltr'><strong><em>quid</em></strong></span> <span class='ocrx_word' id='word_1_267' title='bbox 3809 3024 3996 3085; x_wconf 81' lang='lat' dir='ltr'><strong><em>ambi-</em></strong></span> 
     </span>
    </p>
   </div>
   <div class='ocr_carea' id='block_1_10' title="bbox 2538 3119 3994 3205">
    <p class='ocr_par' dir='ltr' id='par_1_29' title="bbox 2538 3119 3994 3205">
     <span class='ocr_line' id='line_1_48' title="bbox 2538 3119 3994 3205; baseline 0.003 -20"><span class='ocrx_word' id='word_1_268' title='bbox 2538 3144 2650 3205; x_wconf 77' lang='lat' dir='ltr'><strong><em>9ue</em></strong></span> <span class='ocrx_word' id='word_1_269' title='bbox 2683 3123 2955 3186; x_wconf 75' lang='lat' dir='ltr'><strong><em>dicamus</em></strong></span> <span class='ocrx_word' id='word_1_270' title='bbox 3006 3119 3282 3205; x_wconf 87' lang='lat' dir='ltr'><strong><em>(omissis</em></strong></span> <span class='ocrx_word' id='word_1_271' title='bbox 3319 3142 3394 3185; x_wconf 75' lang='lat' dir='ltr'><strong><em>ue</em></strong></span> <span class='ocrx_word' id='word_1_272' title='bbox 3436 3124 3580 3205; x_wconf 81' lang='lat' dir='ltr'><strong><em>quid</em></strong></span> <span class='ocrx_word' id='word_1_273' title='bbox 3605 3125 3785 3205; x_wconf 80' lang='lat' dir='ltr'><strong><em>noue)</em></strong></span> <span class='ocrx_word' id='word_1_274' title='bbox 3821 3128 3994 3200; x_wconf 88' lang='lat' dir='ltr'><strong>AFT,</strong></span> 
     </span>
    </p>
   </div>
   <div class='ocr_carea' id='block_1_11' title="bbox 2528 3227 3992 3311">
    <p class='ocr_par' dir='ltr' id='par_1_30' title="bbox 2528 3227 3992 3311">
     <span class='ocr_line' id='line_1_49' title="bbox 2528 3227 3992 3311; baseline 0.003 -23"><span class='ocrx_word' id='word_1_275' title='bbox 2528 3227 2875 3307; x_wconf 85' lang='lat' dir='ltr'><strong><em>perturbate</em></strong></span> <span class='ocrx_word' id='word_1_276' title='bbox 2915 3244 2991 3289; x_wconf 79' lang='lat' dir='ltr'><strong><em>ne</em></strong></span> <span class='ocrx_word' id='word_1_277' title='bbox 3036 3227 3180 3309; x_wconf 80' lang='lat' dir='ltr'><strong><em>quid</em></strong></span> <span class='ocrx_word' id='word_1_278' title='bbox 3212 3245 3365 3289; x_wconf 73' lang='lat' dir='ltr'><strong><em>noue</em></strong></span> <span class='ocrx_word' id='word_1_279' title='bbox 3413 3246 3485 3289; x_wconf 74' lang='lat' dir='ltr'><strong><em>ne</em></strong></span> <span class='ocrx_word' id='word_1_280' title='bbox 3530 3229 3674 3309; x_wconf 83' lang='lat' dir='ltr'><strong><em>quid</em></strong></span> <span class='ocrx_word' id='word_1_281' title='bbox 3722 3230 3992 3311; x_wconf 75' lang='lat' dir='ltr'><strong><em>ambiyue</em></strong></span> 
     </span>
    </p>
   </div>
   <div class='ocr_carea' id='block_1_12' title="bbox 2539 3326 3990 3414">
    <p class='ocr_par' dir='ltr' id='par_1_31' title="bbox 2539 3326 3990 3414">
     <span class='ocr_line' id='line_1_50' title="bbox 2539 3326 3990 3414; baseline 0.001 -22"><span class='ocrx_word' id='word_1_282' title='bbox 2539 3330 2810 3394; x_wconf 71' lang='lat' dir='ltr'><strong><em>dicamus</em></strong></span> <span class='ocrx_word' id='word_1_283' title='bbox 2836 3326 3112 3411; x_wconf 81' lang='lat' dir='ltr'><strong><em>(omissis</em></strong></span> <span class='ocrx_word' id='word_1_284' title='bbox 3131 3349 3205 3392; x_wconf 77' lang='lat' dir='ltr'><strong><em>ne</em></strong></span> <span class='ocrx_word' id='word_1_285' title='bbox 3224 3329 3371 3411; x_wconf 82' lang='lat' dir='ltr'><strong><em>quid</em></strong></span> <span class='ocrx_word' id='word_1_286' title='bbox 3388 3332 3685 3411; x_wconf 81' lang='lat' dir='ltr'><strong><em>contorte)</em></strong></span> <span class='ocrx_word' id='word_1_287' title='bbox 3727 3335 3779 3396; x_wconf 92' lang='lat' dir='ltr'><strong>R</strong></span> <span class='ocrx_word' id='word_1_288' title='bbox 3795 3379 3811 3404; x_wconf 90' lang='lat'><strong>,</strong></span> <span class='ocrx_word' id='word_1_289' title='bbox 3853 3350 3990 3414; x_wconf 85' lang='lat' dir='ltr'><strong><em>per-</em></strong></span> 
     </span>
    </p>
   </div>
   <div class='ocr_carea' id='block_1_13' title="bbox 1011 3431 3997 3618">
    <p class='ocr_par' dir='ltr' id='par_1_32' title="bbox 1011 3431 3997 3618">
     <span class='ocr_line' id='line_1_51' title="bbox 1100 3431 3997 3517; baseline 0.002 -21"><span class='ocrx_word' id='word_1_290' title='bbox 1100 3435 1202 3496; x_wconf 90' lang='lat'><strong><em>10.</em></strong></span> <span class='ocrx_word' id='word_1_291' title='bbox 1250 3451 1347 3497; x_wconf 77' lang='lat' dir='ltr'><strong><em>ree</em></strong></span> <span class='ocrx_word' id='word_1_292' title='bbox 1395 3435 1654 3497; x_wconf 78' lang='lat' dir='ltr'><strong><em>continet</em></strong></span> <span class='ocrx_word' id='word_1_293' title='bbox 1695 3435 1825 3507; x_wconf 89' lang='lat' dir='ltr'><strong><em>FT,</em></strong></span> <span class='ocrx_word' id='word_1_294' title='bbox 1890 3434 2147 3496; x_wconf 79' lang='lat' dir='ltr'><strong><em>continet</em></strong></span> <span class='ocrx_word' id='word_1_295' title='bbox 2204 3431 2466 3505; x_wconf 83' lang='lat' dir='ltr'><strong><em>(omisso</em></strong></span> <span class='ocrx_word' id='word_1_296' title='bbox 2540 3433 2773 3496; x_wconf 82' lang='lat' dir='ltr'><strong><em>turbate</em></strong></span> <span class='ocrx_word' id='word_1_297' title='bbox 2818 3452 2893 3496; x_wconf 80' lang='lat' dir='ltr'><strong><em>ne</em></strong></span> <span class='ocrx_word' id='word_1_298' title='bbox 2943 3433 3088 3514; x_wconf 85' lang='lat' dir='ltr'><strong><em>quid</em></strong></span> <span class='ocrx_word' id='word_1_299' title='bbox 3133 3440 3397 3496; x_wconf 80' lang='lat' dir='ltr'><strong><em>contorte</em></strong></span> <span class='ocrx_word' id='word_1_300' title='bbox 3440 3453 3514 3498; x_wconf 81' lang='lat' dir='ltr'><strong><em>ne</em></strong></span> <span class='ocrx_word' id='word_1_301' title='bbox 3555 3435 3698 3517; x_wconf 82' lang='lat' dir='ltr'><strong><em>quid</em></strong></span> <span class='ocrx_word' id='word_1_302' title='bbox 3736 3456 3888 3500; x_wconf 66' lang='lat' dir='ltr'><strong><em>notae</em></strong></span> <span class='ocrx_word' id='word_1_303' title='bbox 3924 3456 3997 3501; x_wconf 80' lang='lat' dir='ltr'><strong><em>ne</em></strong></span> 
     </span>
     <span class='ocr_line' id='line_1_52' title="bbox 1011 3535 3377 3618; baseline 0 -17"><span class='ocrx_word' id='word_1_304' title='bbox 1011 3537 1077 3601; x_wconf 91' lang='lat' dir='ltr'><strong><em>h.</em></strong></span> <span class='ocrx_word' id='word_1_305' title='bbox 1106 3535 1151 3600; x_wconf 94' lang='lat' dir='ltr'><strong><em>l.</em></strong></span> <span class='ocrx_word' id='word_1_306' title='bbox 1187 3535 1312 3614; x_wconf 76' lang='lat' dir='ltr'><strong><em>ree)</em></strong></span> <span class='ocrx_word' id='word_1_307' title='bbox 1356 3539 1429 3605; x_wconf 92' lang='lat' dir='ltr'><strong><em>R.</em></strong></span> <span class='ocrx_word' id='word_1_308' title='bbox 1468 3569 1546 3584; x_wconf 88' lang='lat'>—</span> <span class='ocrx_word' id='word_1_309' title='bbox 1590 3537 1700 3600; x_wconf 76' lang='lat' dir='ltr'><strong><em>hae</em></strong></span> <span class='ocrx_word' id='word_1_310' title='bbox 1747 3543 1886 3598; x_wconf 70' lang='lat' dir='ltr'><strong><em>sum</em></strong></span> <span class='ocrx_word' id='word_1_311' title='bbox 1936 3556 2087 3617; x_wconf 81' lang='lat' dir='ltr'><strong><em>quae</em></strong></span> <span class='ocrx_word' id='word_1_312' title='bbox 2132 3537 2322 3608; x_wconf 85' lang='lat' dir='ltr'><strong>AFT,</strong></span> <span class='ocrx_word' id='word_1_313' title='bbox 2365 3557 2466 3601; x_wconf 86' lang='lat' dir='ltr'><strong><em>eae</em></strong></span> <span class='ocrx_word' id='word_1_314' title='bbox 2542 3538 2685 3618; x_wconf 84' lang='lat' dir='ltr'><strong><em>quid</em></strong></span> <span class='ocrx_word' id='word_1_315' title='bbox 2711 3536 2983 3618; x_wconf 72' lang='lat' dir='ltr'><strong><em>ambiyue</em></strong></span> <span class='ocrx_word' id='word_1_316' title='bbox 3008 3535 3281 3600; x_wconf 69' lang='lat' dir='ltr'><strong><em>dicamus</em></strong></span> <span class='ocrx_word' id='word_1_317' title='bbox 3307 3540 3377 3602; x_wconf 92' lang='lat' dir='ltr'><strong><em>B.</em></strong></span> 
     </span>
    </p>
   </div>
   <div class='ocr_carea' id='block_1_14' title="bbox 1009 3639 2465 3826">
    <p class='ocr_par' dir='ltr' id='par_1_33' title="bbox 1009 3639 2465 3826">
     <span class='ocr_line' id='line_1_53' title="bbox 1009 3639 2465 3725; baseline 0.001 -21"><span class='ocrx_word' id='word_1_318' title='bbox 1009 3648 1152 3704; x_wconf 73' lang='lat' dir='ltr'><strong><em>sunt</em></strong></span> <span class='ocrx_word' id='word_1_319' title='bbox 1182 3655 1331 3723; x_wconf 78' lang='lat' dir='ltr'><strong><em>quae</em></strong></span> <span class='ocrx_word' id='word_1_320' title='bbox 1369 3640 1437 3704; x_wconf 95' lang='lat' dir='ltr'><strong><em>P.</em></strong></span> <span class='ocrx_word' id='word_1_321' title='bbox 1478 3670 1559 3684; x_wconf 89' lang='lat'><strong><em>·-</em></strong></span> <span class='ocrx_word' id='word_1_322' title='bbox 1607 3641 1676 3703; x_wconf 76' lang='lat' dir='ltr'><strong><em>ia</em></strong></span> <span class='ocrx_word' id='word_1_323' title='bbox 1714 3659 1840 3704; x_wconf 91' lang='lat' dir='ltr'><strong><em>om.</em></strong></span> <span class='ocrx_word' id='word_1_324' title='bbox 1889 3639 2146 3704; x_wconf 85' lang='lat' dir='ltr'><strong>PAFRT</strong></span> <span class='ocrx_word' id='word_1_325' title='bbox 2181 3644 2244 3702; x_wconf 79' lang='lat' dir='ltr'><strong><em>et</em></strong></span> <span class='ocrx_word' id='word_1_326' title='bbox 2271 3658 2371 3725; x_wconf 86' lang='lat' dir='ltr'><strong><em>pr.</em></strong></span> <span class='ocrx_word' id='word_1_327' title='bbox 2395 3643 2465 3706; x_wconf 93' lang='grc' dir='ltr'><strong>Β.</strong></span> 
     </span>
     <span class='ocr_line' id='line_1_54' title="bbox 1099 3744 1818 3826; baseline -0.003 -18"><span class='ocrx_word' id='word_1_328' title='bbox 1099 3745 1200 3808; x_wconf 92' lang='grc'><strong><em>11.</em></strong></span> <span class='ocrx_word' id='word_1_329' title='bbox 1247 3752 1414 3826; x_wconf 73' lang='lat' dir='ltr'><strong><em>qesta</em></strong></span> <span class='ocrx_word' id='word_1_330' title='bbox 1453 3761 1551 3807; x_wconf 83' lang='lat' dir='ltr'><strong><em>res</em></strong></span> <span class='ocrx_word' id='word_1_331' title='bbox 1592 3744 1818 3809; x_wconf 89' lang='lat' dir='ltr'><strong>PAFR.</strong></span> 
     </span>
    </p>
   </div>
   <div class='ocr_carea' id='block_1_15' title="bbox 2628 3636 3370 3722">
    <p class='ocr_par' dir='ltr' id='par_1_34' title="bbox 2628 3636 3370 3722">
     <span class='ocr_line' id='line_1_55' title="bbox 2628 3636 3370 3722; baseline 0.007 -19"><span class='ocrx_word' id='word_1_332' title='bbox 2628 3643 2691 3703; x_wconf 89' lang='lat'><strong><em>8.</em></strong></span> <span class='ocrx_word' id='word_1_333' title='bbox 2738 3660 2812 3704; x_wconf 78' lang='lat' dir='ltr'><strong><em>ne</em></strong></span> <span class='ocrx_word' id='word_1_334' title='bbox 2840 3636 3040 3722; x_wconf 86' lang='lat' dir='ltr'><strong><em>quam]</em></strong></span> <span class='ocrx_word' id='word_1_335' title='bbox 3087 3659 3272 3722; x_wconf 78' lang='lat' dir='ltr'><strong><em>neque</em></strong></span> <span class='ocrx_word' id='word_1_336' title='bbox 3301 3644 3370 3709; x_wconf 92' lang='lat' dir='ltr'><strong><em>T.</em></strong></span> 
     </span>
    </p>
   </div>
   <div class='ocr_carea' id='block_1_16' title="bbox 2628 3745 3997 3830">
    <p class='ocr_par' dir='ltr' id='par_1_35' title="bbox 2628 3745 3997 3830">
     <span class='ocr_line' id='line_1_56' title="bbox 2628 3745 3997 3830; baseline 0.002 -23"><span class='ocrx_word' id='word_1_337' title='bbox 2628 3745 2730 3808; x_wconf 91' lang='grc'><strong>10.</strong></span> <span class='ocrx_word' id='word_1_338' title='bbox 2774 3762 3086 3825; x_wconf 75' lang='lat' dir='ltr'><strong><em>sequemur</em></strong></span> <span class='ocrx_word' id='word_1_339' title='bbox 3120 3745 3253 3819; x_wconf 86' lang='lat' dir='ltr'><strong><em>PA,</em></strong></span> <span class='ocrx_word' id='word_1_340' title='bbox 3297 3765 3724 3830; x_wconf 80' lang='lat' dir='ltr'><strong><em>persequemur</em></strong></span> <span class='ocrx_word' id='word_1_341' title='bbox 3757 3750 3805 3811; x_wconf 90' lang='lat' dir='ltr'>B</span> <span class='ocrx_word' id='word_1_342' title='bbox 3821 3794 3839 3819; x_wconf 87' lang='lat'><strong>,</strong></span> <span class='ocrx_word' id='word_1_343' title='bbox 3906 3768 3997 3810; x_wconf 73' lang='lat' dir='ltr'><strong><em>se-</em></strong></span> 
     </span>
    </p>
   </div>
   <div class='ocr_carea' id='block_1_17' title="bbox 1099 3835 3996 3933">
    <p class='ocr_par' dir='ltr' id='par_1_36' title="bbox 1099 3835 3996 3933">
     <span class='ocr_line' id='line_1_57' title="bbox 1099 3835 3996 3933; baseline 0.001 -23"><span class='ocrx_word' id='word_1_344' title='bbox 1099 3847 1201 3911; x_wconf 88' lang='grc'><strong><em>12.</em></strong></span> <span class='ocrx_word' id='word_1_345' title='bbox 1238 3856 1432 3928; x_wconf 72' lang='lat' dir='ltr'><strong><em>potest</em></strong></span> <span class='ocrx_word' id='word_1_346' title='bbox 1441 3850 1573 3913; x_wconf 91' lang='lat' dir='ltr'><strong><em>B.-</em></strong></span> <span class='ocrx_word' id='word_1_347' title='bbox 1591 3855 1947 3930; x_wconf 77' lang='lat' dir='ltr'><strong><em>arqumenta</em></strong></span> <span class='ocrx_word' id='word_1_348' title='bbox 1960 3848 2461 3932; x_wconf 71' lang='lat' dir='ltr'><strong><em>traqydiarumP.</em></strong></span> <span class='ocrx_word' id='word_1_349' title='bbox 2541 3849 2749 3931; x_wconf 81' lang='lat' dir='ltr'><strong><em>quitur</em></strong></span> <span class='ocrx_word' id='word_1_350' title='bbox 2802 3849 2871 3913; x_wconf 91' lang='lat' dir='ltr'><strong>F.</strong></span> <span class='ocrx_word' id='word_1_351' title='bbox 2933 3882 3017 3895; x_wconf 90' lang='grc'><strong>-</strong></span> <span class='ocrx_word' id='word_1_352' title='bbox 3085 3835 3514 3933; x_wconf 56' lang='lat' dir='ltr'><strong><em>{transeamus</em></strong></span> <span class='ocrx_word' id='word_1_353' title='bbox 3576 3855 3623 3916; x_wconf 89' lang='lat' dir='ltr'><strong>F</strong></span> <span class='ocrx_word' id='word_1_354' title='bbox 3637 3899 3654 3926; x_wconf 90' lang='lat'><strong>,</strong></span> <span class='ocrx_word' id='word_1_355' title='bbox 3726 3860 3996 3915; x_wconf 77' lang='lat' dir='ltr'><strong><em>transea-</em></strong></span> 
     </span>
    </p>
   </div>
   <div class='ocr_carea' id='block_1_18' title="bbox 1095 3951 1996 4430">
    <p class='ocr_par' dir='ltr' id='par_1_37' title="bbox 1101 3951 1702 4032">
     <span class='ocr_line' id='line_1_58' title="bbox 1101 3951 1702 4032; baseline -0.005 -17"><span class='ocrx_word' id='word_1_356' title='bbox 1101 3951 1202 4015; x_wconf 86' lang='lat'><strong><em>13.</em></strong></span> <span class='ocrx_word' id='word_1_357' title='bbox 1250 3971 1434 4032; x_wconf 72' lang='lat' dir='ltr'><strong><em>yeme-s</em></strong></span> <span class='ocrx_word' id='word_1_358' title='bbox 1476 3969 1601 4015; x_wconf 90' lang='lat' dir='ltr'><strong><em>om.</em></strong></span> <span class='ocrx_word' id='word_1_359' title='bbox 1630 3954 1702 4015; x_wconf 87' lang='lat' dir='ltr'><strong><em>R.</em></strong></span> 
     </span>
    </p>

    <p class='ocr_par' dir='ltr' id='par_1_38' title="bbox 1098 4054 1996 4125">
     <span class='ocr_line' id='line_1_59' title="bbox 1098 4054 1996 4125; baseline 0.001 -8"><span class='ocrx_word' id='word_1_360' title='bbox 1098 4054 1200 4117; x_wconf 88' lang='grc'><strong>16.</strong></span> <span class='ocrx_word' id='word_1_361' title='bbox 1248 4055 1732 4119; x_wconf 73' lang='lat' dir='ltr'><strong><em>misericordiam</em></strong></span> <span class='ocrx_word' id='word_1_362' title='bbox 1772 4074 1896 4125; x_wconf 90' lang='lat' dir='ltr'><strong><em>om.</em></strong></span> <span class='ocrx_word' id='word_1_363' title='bbox 1925 4056 1996 4119; x_wconf 91' lang='lat' dir='ltr'><strong><em>F.</em></strong></span> 
     </span>
    </p>

    <p class='ocr_par' dir='ltr' id='par_1_39' title="bbox 1100 4158 1776 4240">
     <span class='ocr_line' id='line_1_60' title="bbox 1100 4158 1776 4240; baseline 0 -18"><span class='ocrx_word' id='word_1_364' title='bbox 1100 4158 1203 4222; x_wconf 89' lang='lat'><strong><em>18.</em></strong></span> <span class='ocrx_word' id='word_1_365' title='bbox 1251 4159 1621 4240; x_wconf 75' lang='lat' dir='ltr'><strong><em>tramiqetur</em></strong></span> <span class='ocrx_word' id='word_1_366' title='bbox 1659 4160 1776 4229; x_wconf 89' lang='lat' dir='ltr'><strong><em>PF.</em></strong></span> 
     </span>
    </p>

    <p class='ocr_par' dir='ltr' id='par_1_40' title="bbox 1095 4261 1835 4430">
     <span class='ocr_line' id='line_1_61' title="bbox 1095 4261 1835 4330; baseline 0.007 -6"><span class='ocrx_word' id='word_1_367' title='bbox 1095 4262 1201 4325; x_wconf 91' lang='grc'><strong><em>20.</em></strong></span> <span class='ocrx_word' id='word_1_368' title='bbox 1249 4261 1450 4325; x_wconf 76' lang='lat' dir='ltr'><strong><em>breuis</em></strong></span> <span class='ocrx_word' id='word_1_369' title='bbox 1480 4264 1582 4326; x_wconf 79' lang='lat' dir='ltr'><strong><em>sit.</em></strong></span> <span class='ocrx_word' id='word_1_370' title='bbox 1615 4273 1684 4327; x_wconf 87' lang='lat' dir='ltr'><strong><em>ut</em></strong></span> <span class='ocrx_word' id='word_1_371' title='bbox 1719 4266 1790 4330; x_wconf 92' lang='lat' dir='ltr'><strong><em>T.</em></strong></span> <span class='ocrx_word' id='word_1_372' title='bbox 1826 4303 1835 4306; x_wconf 71' lang='lat'><strong>,</strong></span> 
     </span>
     <span class='ocr_line' id='line_1_62' title="bbox 1254 4384 1518 4430; baseline 0.004 -1"><span class='ocrx_word' id='word_1_373' title='bbox 1254 4384 1518 4430; x_wconf 81' lang='lat' dir='ltr'><strong><em>narrare</em></strong></span> 
     </span>
    </p>
   </div>
   <div class='ocr_carea' id='block_1_19' title="bbox 1098 4450 2147 4739">
    <p class='ocr_par' dir='ltr' id='par_1_41' title="bbox 1098 4450 2147 4739">
     <span class='ocr_line' id='line_1_63' title="bbox 1098 4450 2147 4524; baseline 0.006 -11"><span class='ocrx_word' id='word_1_374' title='bbox 1098 4450 1203 4514; x_wconf 88' lang='grc'><strong><em>23.</em></strong></span> <span class='ocrx_word' id='word_1_375' title='bbox 1251 4459 1516 4515; x_wconf 86' lang='lat' dir='ltr'><strong><em>tractare</em></strong></span> <span class='ocrx_word' id='word_1_376' title='bbox 1545 4454 1617 4514; x_wconf 90' lang='lat' dir='ltr'><strong><em>B.</em></strong></span> <span class='ocrx_word' id='word_1_377' title='bbox 1654 4482 1734 4494; x_wconf 92' lang='grc'>-</span> <span class='ocrx_word' id='word_1_378' title='bbox 1776 4473 1899 4517; x_wconf 78' lang='lat' dir='ltr'><strong><em>non</em></strong></span> <span class='ocrx_word' id='word_1_379' title='bbox 1927 4473 2050 4524; x_wconf 89' lang='lat' dir='ltr'><strong><em>om.</em></strong></span> <span class='ocrx_word' id='word_1_380' title='bbox 2078 4455 2147 4519; x_wconf 91' lang='lat' dir='ltr'><strong>F.</strong></span> 
     </span>
     <span class='ocr_line' id='line_1_64' title="bbox 1099 4552 1902 4639; baseline 0.006 -24"><span class='ocrx_word' id='word_1_381' title='bbox 1099 4553 1206 4616; x_wconf 78' lang='grc'><strong><em>24.</em></strong></span> <span class='ocrx_word' id='word_1_382' title='bbox 1251 4552 1449 4638; x_wconf 84' lang='lat' dir='ltr'><strong><em>initio]</em></strong></span> <span class='ocrx_word' id='word_1_383' title='bbox 1482 4556 1790 4639; x_wconf 82' lang='lat' dir='ltr'><strong><em>principio</em></strong></span> <span class='ocrx_word' id='word_1_384' title='bbox 1828 4557 1902 4621; x_wconf 92' lang='lat' dir='ltr'><strong><em>B.</em></strong></span> 
     </span>
     <span class='ocr_line' id='line_1_65' title="bbox 1099 4657 1548 4739; baseline 0.004 -22"><span class='ocrx_word' id='word_1_385' title='bbox 1099 4657 1205 4719; x_wconf 88' lang='grc'><strong><em>25.</em></strong></span> <span class='ocrx_word' id='word_1_386' title='bbox 1245 4657 1438 4739; x_wconf 83' lang='lat' dir='ltr'><strong><em>suerit</em></strong></span> <span class='ocrx_word' id='word_1_387' title='bbox 1481 4662 1548 4724; x_wconf 89' lang='lat' dir='ltr'><strong><em>T.</em></strong></span> 
     </span>
    </p>
   </div>
   <div class='ocr_carea' id='block_1_20' title="bbox 1097 4760 2172 4950">
    <p class='ocr_par' dir='ltr' id='par_1_42' title="bbox 1097 4760 2172 4950">
     <span class='ocr_line' id='line_1_66' title="bbox 1097 4760 1652 4828; baseline 0.013 -7"><span class='ocrx_word' id='word_1_388' title='bbox 1097 4760 1204 4822; x_wconf 87' lang='grc'><strong><em>26.</em></strong></span> <span class='ocrx_word' id='word_1_389' title='bbox 1252 4778 1373 4822; x_wconf 79' lang='lat' dir='ltr'><strong><em>non</em></strong></span> <span class='ocrx_word' id='word_1_390' title='bbox 1414 4778 1538 4826; x_wconf 90' lang='lat' dir='ltr'><strong><em>om.</em></strong></span> <span class='ocrx_word' id='word_1_391' title='bbox 1582 4764 1652 4828; x_wconf 92' lang='lat' dir='ltr'><strong><em>F.</em></strong></span> 
     </span>
     <span class='ocr_line' id='line_1_67' title="bbox 1101 4861 2172 4950; baseline 0.002 -22"><span class='ocrx_word' id='word_1_392' title='bbox 1101 4864 1205 4928; x_wconf 87' lang='grc'><strong><em>27.</em></strong></span> <span class='ocrx_word' id='word_1_393' title='bbox 1236 4861 1550 4949; x_wconf 76' lang='lat' dir='ltr'><strong><em>ponemus]</em></strong></span> <span class='ocrx_word' id='word_1_394' title='bbox 1598 4885 1956 4950; x_wconf 74' lang='lat' dir='ltr'><strong><em>exponemus</em></strong></span> <span class='ocrx_word' id='word_1_395' title='bbox 1997 4865 2172 4932; x_wconf 87' lang='lat' dir='ltr'><strong>AFR.</strong></span> 
     </span>
    </p>
   </div>
   <div class='ocr_carea' id='block_1_21' title="bbox 2540 3954 3996 4656">
    <p class='ocr_par' dir='ltr' id='par_1_43' title="bbox 2540 3954 3577 4037">
     <span class='ocr_line' id='line_1_68' title="bbox 2540 3954 3577 4037; baseline 0.002 -21"><span class='ocrx_word' id='word_1_396' title='bbox 2540 3972 2675 4016; x_wconf 80' lang='lat' dir='ltr'><strong><em>mus</em></strong></span> <span class='ocrx_word' id='word_1_397' title='bbox 2708 3954 2778 4018; x_wconf 93' lang='lat' dir='ltr'><strong><em>T.</em></strong></span> <span class='ocrx_word' id='word_1_398' title='bbox 2811 3981 2895 3997; x_wconf 89' lang='lat'><strong><em>—-</em></strong></span> <span class='ocrx_word' id='word_1_399' title='bbox 2948 3961 3087 4016; x_wconf 66' lang='lat' dir='ltr'><strong><em>sunt</em></strong></span> <span class='ocrx_word' id='word_1_400' title='bbox 3114 3965 3434 4037; x_wconf 84' lang='lat' dir='ltr'><strong><em>praecepta</em></strong></span> <span class='ocrx_word' id='word_1_401' title='bbox 3457 3959 3577 4020; x_wconf 91' lang='lat' dir='ltr'><strong><em>FT.</em></strong></span> 
     </span>
    </p>

    <p class='ocr_par' dir='ltr' id='par_1_44' title="bbox 2540 4056 3993 4331">
     <span class='ocr_line' id='line_1_69' title="bbox 2628 4056 3988 4143; baseline 0.001 -23"><span class='ocrx_word' id='word_1_402' title='bbox 2628 4057 2729 4120; x_wconf 92' lang='grc'><strong><em>11.</em></strong></span> <span class='ocrx_word' id='word_1_403' title='bbox 2777 4056 2935 4120; x_wconf 86' lang='lat' dir='ltr'><strong><em>Nam</em></strong></span> <span class='ocrx_word' id='word_1_404' title='bbox 2956 4059 3360 4139; x_wconf 81' lang='lat' dir='ltr'><strong><em>quo-fietom.</em></strong></span> <span class='ocrx_word' id='word_1_405' title='bbox 3385 4078 3482 4142; x_wconf 85' lang='lat' dir='ltr'><strong><em>pr.</em></strong></span> <span class='ocrx_word' id='word_1_406' title='bbox 3514 4062 3583 4122; x_wconf 91' lang='lat' dir='ltr'><strong><em>T.</em></strong></span> <span class='ocrx_word' id='word_1_407' title='bbox 3614 4092 3694 4104; x_wconf 94' lang='grc'><strong>-</strong></span> <span class='ocrx_word' id='word_1_408' title='bbox 3726 4057 3988 4143; x_wconf 82' lang='lat' dir='ltr'><strong><em>breuior]</em></strong></span> 
     </span>
     <span class='ocr_line' id='line_1_70' title="bbox 2540 4160 3993 4243; baseline 0.003 -21"><span class='ocrx_word' id='word_1_409' title='bbox 2540 4160 2782 4222; x_wconf 83' lang='lat' dir='ltr'><strong><em>breuior</em></strong></span> <span class='ocrx_word' id='word_1_410' title='bbox 2813 4167 2899 4222; x_wconf 78' lang='lat' dir='ltr'><strong><em>est</em></strong></span> <span class='ocrx_word' id='word_1_411' title='bbox 2944 4162 3074 4233; x_wconf 90' lang='lat' dir='ltr'><strong>FR,</strong></span> <span class='ocrx_word' id='word_1_412' title='bbox 3132 4161 3375 4224; x_wconf 82' lang='lat' dir='ltr'><strong><em>breuior</em></strong></span> <span class='ocrx_word' id='word_1_413' title='bbox 3422 4170 3477 4225; x_wconf 85' lang='lat' dir='ltr'><strong><em>et</em></strong></span> <span class='ocrx_word' id='word_1_414' title='bbox 3518 4180 3643 4243; x_wconf 82' lang='lat' dir='ltr'><strong><em>mg.</em></strong></span> <span class='ocrx_word' id='word_1_415' title='bbox 3686 4165 3756 4226; x_wconf 93' lang='lat' dir='ltr'><strong><em>T.</em></strong></span> <span class='ocrx_word' id='word_1_416' title='bbox 3805 4195 3880 4210; x_wconf 89' lang='lat'><em>—</em></span> <span class='ocrx_word' id='word_1_417' title='bbox 3926 4184 3993 4226; x_wconf 90' lang='lat' dir='ltr'><strong><em>eo</em></strong></span> 
     </span>
     <span class='ocr_line' id='line_1_71' title="bbox 2543 4263 3362 4331; baseline 0 -3"><span class='ocrx_word' id='word_1_418' title='bbox 2543 4281 2670 4328; x_wconf 87' lang='lat' dir='ltr'><strong><em>om.</em></strong></span> <span class='ocrx_word' id='word_1_419' title='bbox 2704 4263 2824 4331; x_wconf 89' lang='lat' dir='ltr'><strong><em>PF.</em></strong></span> <span class='ocrx_word' id='word_1_420' title='bbox 2870 4295 2948 4310; x_wconf 93' lang='lat'><em>-</em></span> <span class='ocrx_word' id='word_1_421' title='bbox 2994 4263 3255 4328; x_wconf 82' lang='lat' dir='ltr'><strong><em>lucidior</em></strong></span> <span class='ocrx_word' id='word_1_422' title='bbox 3290 4265 3362 4328; x_wconf 92' lang='lat' dir='ltr'><strong><em>B.</em></strong></span> 
     </span>
    </p>

    <p class='ocr_par' dir='ltr' id='par_1_45' title="bbox 2631 4361 3178 4449">
     <span class='ocr_line' id='line_1_72' title="bbox 2631 4361 3178 4449; baseline 0.005 -20"><span class='ocrx_word' id='word_1_423' title='bbox 2631 4368 2733 4430; x_wconf 89' lang='grc'><strong><em>12.</em></strong></span> <span class='ocrx_word' id='word_1_424' title='bbox 2781 4361 2918 4449; x_wconf 90' lang='lat' dir='ltr'><strong><em>erit]</em></strong></span> <span class='ocrx_word' id='word_1_425' title='bbox 2961 4368 3061 4449; x_wconf 78' lang='lat' dir='ltr'><strong><em>fiet</em></strong></span> <span class='ocrx_word' id='word_1_426' title='bbox 3105 4368 3178 4432; x_wconf 90' lang='lat' dir='ltr'><strong><em>R.</em></strong></span> 
     </span>
    </p>

    <p class='ocr_par' dir='ltr' id='par_1_46' title="bbox 2630 4471 3177 4550">
     <span class='ocr_line' id='line_1_73' title="bbox 2630 4471 3177 4550; baseline 0.009 -16"><span class='ocrx_word' id='word_1_427' title='bbox 2630 4472 2733 4534; x_wconf 78' lang='grc'><strong><em>14.</em></strong></span> <span class='ocrx_word' id='word_1_428' title='bbox 2770 4471 3010 4550; x_wconf 76' lang='lat' dir='ltr'><strong><em>possint</em></strong></span> <span class='ocrx_word' id='word_1_429' title='bbox 3052 4473 3177 4540; x_wconf 82' lang='grc' dir='ltr'><strong>ΒΤ.</strong></span> 
     </span>
    </p>

    <p class='ocr_par' dir='ltr' id='par_1_47' title="bbox 2631 4574 3996 4656">
     <span class='ocr_line' id='line_1_74' title="bbox 2631 4574 3996 4656; baseline 0.001 -19"><span class='ocrx_word' id='word_1_430' title='bbox 2631 4575 2734 4637; x_wconf 88' lang='grc'><strong>18.</strong></span> <span class='ocrx_word' id='word_1_431' title='bbox 2779 4592 2901 4636; x_wconf 80' lang='lat' dir='ltr'><strong><em>non</em></strong></span> <span class='ocrx_word' id='word_1_432' title='bbox 2937 4582 3134 4655; x_wconf 81' lang='lat' dir='ltr'><strong><em>potest</em></strong></span> <span class='ocrx_word' id='word_1_433' title='bbox 3177 4574 3378 4656; x_wconf 71' lang='lat' dir='ltr'><strong><em>facere</em></strong></span> <span class='ocrx_word' id='word_1_434' title='bbox 3433 4575 3706 4639; x_wconf 82' lang='lat' dir='ltr'><strong>PABFT.</strong></span> <span class='ocrx_word' id='word_1_435' title='bbox 3754 4608 3831 4620; x_wconf 92' lang='lat'><em>-</em></span> <span class='ocrx_word' id='word_1_436' title='bbox 3898 4577 3996 4640; x_wconf 80' lang='lat' dir='ltr'><strong><em>sin</em></strong></span> 
     </span>
    </p>
   </div>
   <div class='ocr_carea' id='block_1_22' title="bbox 3537 4682 3671 4761">
    <p class='ocr_par' dir='ltr' id='par_1_48' title="bbox 3537 4682 3671 4761">
     <span class='ocr_line' id='line_1_75' title="bbox 3537 4682 3671 4761; baseline 0.007 -21"><span class='ocrx_word' id='word_1_437' title='bbox 3537 4682 3671 4761; x_wconf 77' lang='lat' dir='ltr'><strong><em>ficte</em></strong></span> 
     </span>
    </p>
   </div>
   <div class='ocr_carea' id='block_1_23' title="bbox 2545 4764 3994 4950">
    <p class='ocr_par' dir='ltr' id='par_1_49' title="bbox 2545 4764 3994 4950">
     <span class='ocr_line' id='line_1_76' title="bbox 2546 4764 3994 4846; baseline -0.001 -18"><span class='ocrx_word' id='word_1_438' title='bbox 2546 4771 2718 4828; x_wconf 79' lang='lat' dir='ltr'><strong><em>erunt</em></strong></span> <span class='ocrx_word' id='word_1_439' title='bbox 2764 4767 2908 4846; x_wconf 83' lang='lat' dir='ltr'><strong><em>ficta</em></strong></span> <span class='ocrx_word' id='word_1_440' title='bbox 2959 4765 3092 4839; x_wconf 85' lang='lat' dir='ltr'><strong><em>PA,</em></strong></span> <span class='ocrx_word' id='word_1_441' title='bbox 3157 4766 3257 4827; x_wconf 80' lang='lat' dir='ltr'><strong><em>sin</em></strong></span> <span class='ocrx_word' id='word_1_442' title='bbox 3307 4773 3481 4828; x_wconf 76' lang='lat' dir='ltr'><strong><em>erunt</em></strong></span> <span class='ocrx_word' id='word_1_443' title='bbox 3530 4764 3687 4846; x_wconf 71' lang='lat' dir='ltr'><strong><em>facte</em></strong></span> <span class='ocrx_word' id='word_1_444' title='bbox 3741 4768 3788 4828; x_wconf 90' lang='lat' dir='ltr'><strong>B</strong></span> <span class='ocrx_word' id='word_1_445' title='bbox 3811 4810 3828 4843; x_wconf 91' lang='lat'><strong>,</strong></span> <span class='ocrx_word' id='word_1_446' title='bbox 3897 4766 3994 4827; x_wconf 75' lang='lat' dir='ltr'><strong><em>sin</em></strong></span> 
     </span>
     <span class='ocr_line' id='line_1_77' title="bbox 2545 4869 3769 4950; baseline 0.001 -19"><span class='ocrx_word' id='word_1_447' title='bbox 2545 4877 2719 4932; x_wconf 78' lang='lat' dir='ltr'><strong><em>erunt</em></strong></span> <span class='ocrx_word' id='word_1_448' title='bbox 2749 4870 2919 4950; x_wconf 81' lang='lat' dir='ltr'><strong><em>fictae</em></strong></span> <span class='ocrx_word' id='word_1_449' title='bbox 2950 4869 3030 4945; x_wconf 88' lang='lat' dir='ltr'><strong>F,</strong></span> <span class='ocrx_word' id='word_1_450' title='bbox 3074 4869 3173 4932; x_wconf 79' lang='lat' dir='ltr'><strong><em>sin</em></strong></span> <span class='ocrx_word' id='word_1_451' title='bbox 3202 4888 3347 4933; x_wconf 83' lang='lat' dir='ltr'><strong><em>uero</em></strong></span> <span class='ocrx_word' id='word_1_452' title='bbox 3382 4869 3499 4932; x_wconf 86' lang='lat' dir='ltr'><strong><em>erit</em></strong></span> <span class='ocrx_word' id='word_1_453' title='bbox 3530 4870 3673 4950; x_wconf 83' lang='lat' dir='ltr'><strong><em>fieta</em></strong></span> <span class='ocrx_word' id='word_1_454' title='bbox 3702 4872 3769 4934; x_wconf 91' lang='lat' dir='ltr'><strong><em>T.</em></strong></span> 
     </span>
    </p>
   </div>
  </div>
 </body>
</html>
