4620 5864
1466 568 1572 686 Ab
1616 620 1960 689 HERENN.
2010 623 2160 688 Lm.
2209 620 2312 691 tv.
2400 622 2568 690 CAP.

766 825 871 888 20.
920 840 1135 887 cursor
1154 838 1280 886 om.
1307 822 1468 886 B.-
1481 820 1697 907 facem]
1718 825 1914 907 facem
1940 824 2043 887 dat
2062 825 2134 892 Β.

706 976 709 977 ⁷
767 929 871 991 22.
920 928 1092 991 modo
1134 914 1360 991 dicitur
1385 929 1586 991 minus
1614 931 1713 993 BT
1744 934 1806 991 et
1827 946 1921 1011 pr.
1952 930 2019 992 Ρ.
2051 964 2133 976 —-

685 1034 1014 1098 exercitum
1056 1034 1183 1096 AR.

700 1139 869 1200 2.3
920 1136 1242 1199 ordinandi
1269 1138 1344 1202 R.
1370 1170 1455 1185 -
1483 1132 1802 1219 sumptum]
1847 1136 2139 1217 scriptum

684 1243 753 1306 F.
788 1242 939 1304 item
970 1262 1032 1303 v.
1068 1242 1172 1303 33.
1364 1278 1373 1283 -
2006 1280 2011 1285 -

766 1346 871 1408 24.
920 1344 1211 1426 quaedam
1241 1346 1505 1427 dignitas
1535 1346 1863 1409 PABFRT.
1894 1379 1977 1393 —
2001 1363 2141 1409 eon-

671 1458 930 1531 paretur
958 1449 1183 1513 PAFT.
1218 1484 1314 1496 -
1322 1458 1524 1512 autem
1552 1458 1637 1510 est
1666 1451 1785 1511 PB.

767 1555 873 1616 25.
923 1561 1048 1613 tum
1074 1553 1224 1615 ABF
1227 1555 1298 1615 T
1305 1554 1590 1615 -simili
1602 1554 1774 1615 modo
1788 1554 2136 1616 sumiturT.

765 1660 867 1719 2‘7.
913 1657 1294 1719 adserebatur
1330 1656 1556 1731 PFRT,
1590 1657 1995 1720 asserebamus
2017 1659 2142 1720 AB.

768 1762 872 1823 28.
922 1760 1057 1822 bene
1084 1769 1311 1823 natura
1340 1762 1613 1823 PABFR.

767 1865 872 1931 29.
918 1861 1087 1947 quae]
1133 1871 1187 1926 et
1214 1873 1413 1945 aptus.
1449 1885 1598 1946 quae
1628 1869 1698 1927 B.

769 1968 870 2031 31.
914 1962 1050 2049 quo]
1096 1968 1252 2049 quod
1284 1969 1615 2031 PABFRT.
2116 2052 2119 2055 -

765 2073 870 2134 32.
908 2078 1109 2152 posset
1155 2073 1228 2134 Β.
1272 2103 1349 2117 -
1377 2069 1471 2155 ne]
1515 2091 1621 2134 nec
1660 2073 1820 2137 ART
1836 2119 1854 2147 ,
1910 2075 2143 2155 quidem

682 2190 788 2238 nec
829 2177 901 2237 B.

765 2281 869 2343 34.
920 2287 1005 2341 est
1033 2298 1157 2343 om.
1189 2280 1360 2342 PAF.
1407 2313 1490 2325 —
1536 2287 1733 2342 autem
1784 2298 1913 2343 om.
1951 2284 2022 2345 Β.
2059 2317 2143 2330 -

684 2380 859 2465 enim]
899 2402 1033 2447 cum
1077 2383 1193 2445 PF.

765 2490 867 2552 35.
917 2488 1199 2549 Sumetur
1228 2494 1281 2547 et
1317 2504 1445 2548 om.
1480 2486 1552 2546 T.

765 2592 869 2653 36.
918 2609 1102 2652 causa
1132 2609 1258 2651 om.
1293 2593 1365 2652 R.
1423 2621 1499 2633 —
1546 2590 1739 2653 simile
1777 2591 2004 2654 dicitur
2031 2613 2144 2675 per

683 2696 752 2770 P,
800 2694 1129 2756 similitudo
1171 2692 1398 2755 dieitur
1434 2712 1551 2773 per
1589 2694 1691 2757 FT
1713 2740 1729 2767 ,
1788 2697 2000 2761 simile.
2052 2699 2144 2760 di-

682 2800 842 2861 citur
870 2807 1067 2860 autem
1084 2816 1201 2878 per
1226 2797 1352 2859 AB.
1382 2830 1465 2843 --
1494 2799 1762 2878 yerunda
1790 2800 1967 2862 BRT.

764 2902 912 2984 Pag.
963 2903 1067 2965 95.
1138 2921 1199 2964 v.
1248 2902 1310 2963 2.
1400 2903 1607 2965 uenire
1672 2903 1996 2967 PABFRT.
2062 2939 2141 2952 —

530 3083 537 3094 ἱ
670 3009 966 3089 producto
1011 3008 1134 3070 BR.

766 3113 828 3174 3.
875 3112 1039 3173 ultro
1056 3112 1307 3173 PABFR
1329 3117 1393 3174 et
1412 3128 1511 3195 pr.
1543 3112 1616 3173 T.
1650 3145 1733 3158 —
1752 3120 1840 3173 est
1863 3114 2057 3175 simile
2072 3116 2141 3177 Β.

765 3218 825 3279 4.
846 3215 1047 3296 facere
1063 3234 1197 3277 eum
1213 3216 1317 3297 qui
1332 3215 1720 3296 reprehendat
1736 3218 1784 3277 B
1804 3223 1867 3278 et
1881 3237 2048 3280 corr.
2068 3222 2140 3283 R.

765 3321 828 3381 5.
877 3337 1184 3381 cursorem
1225 3327 1323 3401 pr.
1379 3319 1455 3380 Ρ.
1546 3349 1549 3354 ·
1652 3354 1663 3365 ·

767 3422 829 3484 6.
877 3441 1062 3504 usque
1110 3418 1209 3504 ad]
1264 3422 1434 3484 utera*
1469 3424 1537 3488 P.
1577 3456 1648 3470 --
1686 3425 1754 3487 in
1781 3425 1975 3487 amico
2004 3458 2035 3470 -
2060 3458 2089 3471 -
2114 3458 2145 3472 -

681 3527 876 3589 studio
927 3541 1054 3589 om.
1102 3529 1174 3590 T.
1226 3557 1306 3572 —-
1351 3524 1438 3609 in]
1489 3535 1544 3589 et
1583 3530 1654 3590 in
1695 3530 1767 3590 B.
1804 3562 1886 3573 —
1920 3527 2135 3612 amico]

684 3631 966 3693 amicicia
1007 3649 1175 3693 corr.
1223 3631 1295 3693 A.

767 3737 827 3797 7.
870 3743 936 3795 ut
955 3734 1126 3796 ultra
1143 3767 1176 3815 -ς
1191 3766 1223 3780 -
1240 3767 1271 3780 -
1292 3722 1597 3797 amicitiae
1625 3752 1753 3798 om.
1779 3735 1932 3797 PFR
1957 3743 2019 3799 et
2041 3755 2138 3818 pr.

683 3839 759 3900 A.
828 3839 952 3901 Pro
1000 3838 1251 3901 omissis
1301 3839 1404 3901 FR
1456 3835 1691 3902 babent
1715 3861 1729 3901 ε
1756 3841 2042 3902 'studium
2074 3849 2142 3901 ut

685 3941 964 4023 efferatur
985 3942 1150 4004 ultra
1168 3945 1366 4023 finem.
1405 3938 1594 4023 (aalia
1616 3944 1849 4005 littera:
1881 3952 1949 4004 ut
1976 3944 2143 4005 ultra

684 4065 863 4126 quam
890 4047 1043 4127 quod
1062 4033 1295 4108 amicus
1307 4047 1504 4127 possit
1520 4055 1818 4127 procurat
1828 4048 2143 4109 amiciciae

685 4150 918 4232 studio»
949 4169 1076 4232 mg.
1104 4148 1196 4232 Β.)
1216 4184 1299 4197 -
1322 4170 1502 4232 quam
1531 4151 1686 4231 quod
1711 4152 1942 4213 amicus
1963 4151 2034 4212 Β.

769 4254 832 4315 8.
881 4261 965 4316 est
993 4261 1190 4316 autem
1218 4255 1412 4316 simile
1440 4255 1512 4316 Β.
1605 4255 1665 4316 9.
1696 4256 1762 4316 in
1781 4273 1907 4316 om.
1933 4273 2031 4337 pr.
2061 4256 2135 4317 A.

773 4357 874 4420 10.
924 4354 1295 4439 comparata]
1333 4359 1762 4439 pronuntiatae
1791 4361 1914 4422 BT.
1940 4392 2016 4405 -
2042 4379 2144 4422 su-

685 4458 900 4543 metur]
943 4471 1178 4543 sumpta
1219 4462 1290 4523 P.

775 4565 873 4626 11.
915 4584 1099 4646 quum
1120 4583 1247 4629 om.
1277 4565 1395 4627 PF.
1400 4597 1459 4611 -
1477 4567 1549 4628 Ut
1567 4567 1636 4629 F.
1642 4565 1939 4630 -dicitur
1961 4567 2137 4630 AFR.

774 4667 871 4729 12.
910 4669 1141 4748 pallam
1171 4671 1521 4733 inauratam
1552 4671 1829 4733 inductus
1858 4690 1994 4733 cum
2020 4671 2145 4732 cla-

686 4769 901 4869 midem
930 4789 1298 4853 purpuream
1326 4775 1621 4837 coloribus
1648 4776 1843 4838 variis
1871 4777 2144 4856 corporis

687 4873 921 4936 intexta
968 4895 1068 4958 pr.
1119 4876 1192 4938 P.

2620 618 2918 689 tia—148.
3558 612 3663 690 δί

2297 827 2327 889 1
2337 828 2374 889 3
2384 872 2399 888 .
2418 842 2645 888 corona
2660 822 3246 907 maynafutqentibus
3257 814 3404 887 PFT
3422 828 3486 886 et
3501 820 3669 906 pizA.

2299 932 2396 994 16.
2442 931 2753 994 commorit
2794 930 2875 990 iis
2917 928 3088 990 rebus
3132 927 3201 990 P.

2300 1036 2401 1096 17.
2449 1035 2646 1096 mittat
2674 1033 2793 1106 PF,
2843 1039 3034 1094 mutat
3062 1035 3135 1094 Β.

2301 1140 2402 1200 18.
2452 1146 2703 1199 ornatus
2732 1138 2894 1199 sit'et
2924 1137 2993 1199 B.
3029 1167 3112 1180 -
3155 1143 3505 1218 exceptatus
3534 1138 3584 1201 T
3611 1144 3674 1200 et

2215 1264 2313 1324 pr.
2360 1243 2485 1305 AF.
3291 1232 3295 1236 Δ

2303 1347 2402 1408 19.
2447 1340 2734 1426 ita]-item
2763 1344 3092 1407 PABFRT.
3168 1346 3271 1414 20.
3315 1342 3406 1428 ac]
3436 1354 3489 1407 et
3514 1350 3585 1409 T.

2300 1451 2402 1512 21.
2448 1449 2717 1510 omnibus
2745 1467 2873 1512 om.
2904 1452 2975 1511 T.
2994 1481 3077 1493 -
3106 1450 3490 1511 abundaverit
3508 1454 3675 1516 R.-

2216 1563 2269 1617 et
2314 1553 2542 1616 artium
2592 1572 2741 1633 quae
2783 1553 3027 1614 virtutis
3070 1572 3194 1616 om.
3237 1552 3283 1615 F
3330 1561 3393 1616 et
3440 1576 3537 1636 pr.
3594 1556 3670 1618 A.

2217 1657 2484 1740 (virtutis
2541 1675 2668 1719 om.
2712 1654 2825 1736 R.)
2867 1690 2950 1703 --
2993 1658 3319 1738 maqistrae
3362 1667 3500 1720 sunt
3542 1675 3671 1722 om.

2216 1781 2312 1846 pr.
2364 1764 2437 1823 A.
3739 1814 3748 1831 .

2302 1867 2407 1927 22.
2455 1874 2591 1926 sunt
2631 1864 2834 1947 teyebit
2873 1882 2971 1949 pr.
3017 1865 3083 1937 P,
3131 1866 3460 1946 sumptibus
3498 1867 3679 1947 eqebit

2218 1972 2315 2032 FT
2359 1975 2422 2032 et
2450 1989 2613 2030 corr.
2655 1968 2727 2030 P.
2777 2002 2861 2015 —
2904 1969 3020 2032 erit
3071 1971 3346 2049 copiosus
3394 1970 3673 2045 PABFR,

2218 2074 2334 2135 erit
2363 2064 2661 2154 copiosius
2687 2075 2759 2135 T.
2790 2115 2866 2125 -
2899 2082 2952 2134 et
2983 2073 3302 2135 industriis
3338 2083 3679 2155 exceptatus

2216 2177 2415 2259 qualis
2454 2177 2678 2251 euadet.
2729 2198 2795 2239 eo
2833 2177 2904 2250 P,
2951 2184 3005 2238 et
3032 2173 3368 2238 industrius
3396 2186 3677 2258 ceptatus.

2206 2302 2281 2361 ,eo
2323 2301 2422 2362 pr.
2470 2283 2547 2355 A,
2594 2289 2647 2343 et
2682 2282 2966 2344 inlustris
2989 2289 3386 2361 exspectatus.
3434 2302 3501 2344 eo
3523 2277 3579 2346 ’Β
3619 2289 3681 2346 et

2219 2405 2386 2447 corr.
2418 2386 2490 2457 A,
2537 2395 2588 2448 et
2614 2387 2951 2447 industrius
2983 2393 3346 2467 exceptatus.
3377 2398 3443 2447 eo
3468 2386 3588 2449 FT.

2301 2491 2407 2551 25.
2459 2489 2550 2551 rei
2579 2509 2705 2550 om.
2747 2489 2895 2551 PFT
2919 2494 2981 2551 et
3004 2507 3101 2572 pr.
3139 2490 3214 2551 A.
3250 2522 3333 2536 -
3357 2497 3413 2552 et
3445 2508 3572 2553 om.
3602 2493 3673 2553 B.
3769 2538 3776 2545 .

2220 2625 2297 2636 -—
2352 2589 2624 2675 inertiae]
2681 2593 2935 2654 inertiae
2984 2593 3240 2672 artificis
3288 2595 3369 2667 P,
3425 2595 3679 2658 inertiae

2217 2697 2472 2777 artificis
2500 2697 2719 2758 scilicet
2755 2697 2928 2766 AFT,
2976 2697 3291 2760 inscientia
3328 2698 3578 2780 artificii
3601 2700 3673 2761 B.

2219 2833 2301 2845 --
2320 2801 2606 2862 stultitiae
2644 2802 2691 2863 F
2717 2809 2779 2863 et
2804 2819 2896 2885 pr.
2926 2801 3001 2861 A.

2302 2907 2407 2968 26.
2456 2912 2725 2986 aspectus
2747 2906 2919 2970 PBR.
2943 2939 3025 2952 —
3043 2924 3273 2969 omnem
3295 2908 3361 2969 F.
3380 2942 3464 2955 —
3484 2915 3680 2971 autem

2218 3017 2300 3072 est
2340 3010 2670 3070 PABFRT.

2302 3115 2405 3179 29.
2452 3114 2526 3174 In
2591 3114 3087 3177 similitudinibus
3147 3116 3218 3176 B.
3289 3149 3372 3163 --

2218 3218 2495 3280 PBFRT.

2303 3322 2408 3383 30.
2444 3320 2781 3402 ferebamus
2799 3337 2898 3405 pr.
2920 3321 2987 3382 P.
3041 3324 3141 3384 3¹.
3173 3343 3398 3404 quoque
3414 3326 3676 3391 omna.

2302 3427 2407 3488 32.
2464 3420 2554 3507 Ut]
2601 3426 2691 3487 ita
2731 3433 2799 3486 ut
2830 3425 3102 3492 PBFRT.
3146 3421 3228 3473 -’-
3260 3429 3578 3491 erundines
3605 3430 3675 3504 P,

2218 3531 2533 3593 irundines
2567 3529 2695 3600 AF,
2735 3529 3044 3591 hirudines
3075 3532 3141 3591 B.

2302 3634 2451 3715 Pag.
2488 3634 2592 3695 96.
2641 3652 2703 3694 v.
2739 3633 2802 3694 2.
2892 3629 3004 3714 ita]
3055 3634 3197 3695 item
3231 3635 3327 3696 PF
3364 3642 3426 3698 et
3457 3657 3556 3719 pr.
3606 3640 3679 3700 A.

2216 3771 2299 3783 —
2322 3733 2523 3817 simul]
2555 3737 2613 3797 si
2635 3737 2808 3798 niues
2836 3736 2905 3797 F.

2300 3841 2365 3903 3.
2413 3840 2698 3901 uiderunt
2734 3839 2856 3902 ΡΒ.

3453 3124 3681 3197 oportet

2300 3946 2362 4006 4.
2407 3940 2563 4026 quis]
2603 3946 2880 4026 'quisque
2935 3944 3003 4005 B.
3053 3976 3136 3989 —
3183 3959 3280 4004 res
3346 3945 3679 4012 animantes
3813 3967 3818 3974 ·

2216 4046 2389 4120 PFT,
2438 4050 2740 4109 animatas
2782 4066 2878 4111 res
2926 4050 2999 4109 Β.
3045 4079 3129 4093 --
3175 4055 3229 4109 et
3265 4049 3568 4112 inanimus
3605 4051 3675 4125 P,

2216 4159 2271 4214 et
2313 4151 2715 4213 inanimantes
2758 4152 2935 4212 AFT.

2301 4257 2362 4318 5.
2406 4255 2732 4336 eloquentes
2767 4254 3046 4316 PAFRT.
3073 4263 3494 4320 —terrestres
3532 4268 3680 4322 cetes

2220 4355 2349 4439 (sic)
2393 4359 2737 4421 maritimas
2785 4359 2855 4431 P,
2904 4367 2958 4420 et
3000 4368 3310 4422 terrestres
3347 4369 3400 4421 et
3443 4364 3683 4426 mariti·

2217 4482 2350 4524 mas
2378 4483 2470 4544 pr.
2509 4463 2584 4535 A,
2631 4462 2863 4524 celestes
2901 4469 2954 4523 et
2991 4472 3301 4525 terrestres
3344 4473 3398 4526 et
3440 4468 3683 4530 mariti-

2218 4587 2350 4628 mas
2410 4568 2458 4628 B
2533 4573 2596 4628 et
2653 4586 2817 4628 corr.
2869 4560 2973 4641 A,
3024 4576 3336 4631 terrestres
3381 4570 3683 4634 celestibus

2216 4671 2546 4732 maritimis
2584 4669 2631 4731 F
2646 4717 2662 4742 ,
2719 4671 2949 4733 celestes
2992 4679 3303 4734 terrestres
3345 4681 3402 4735 et
3443 4675 3683 4736 mariti-

2218 4794 2350 4836 mas
2378 4777 2451 4848 R,
2501 4781 2812 4836 terrestres
2840 4776 3080 4838 celestes·
3113 4784 3168 4838 et
3214 4775 3560 4838 maritimas
3601 4775 3675 4839 T.

2219 4878 2424 4942 Scrih.
2471 4885 2798 4954 terrestres,
2844 4880 3114 4953 celestes,
3146 4881 3507 4943 maritimas.
