4620 5864
1032 620 1142 694 26

1028 822 1379 887 coniunctae
1414 840 1509 905 pr.
1541 822 1625 894 P,
1691 822 1994 885 coniuncte
2039 821 2262 885 ABFR.
2310 819 2485 901 (con-

1030 927 1283 989 iunctim
1326 944 1495 999 corr.
1540 925 1650 1005 P.)

1028 1084 1043 1099 .
1121 1042 1218 1103 10.
1264 1039 1628 1101 discernitur
1661 1039 1738 1112 F,
1783 1038 2115 1101 secernitur
2146 1040 2271 1102 BR.

1119 1154 1220 1216 11.
1269 1154 1675 1215 reuocationes
1714 1152 1989 1216 PAFRT.

1119 1268 1219 1328 12.
1258 1267 1596 1347 pecuniam,
1621 1264 2099 1345 pollicitationes,
2138 1263 2482 1326 dissimula-

1028 1372 1243 1444 tiones,
1288 1371 1758 1440 maturaciones,
1804 1370 2125 1431 mentiones
2159 1375 2212 1431 et
2258 1376 2482 1429 ceteras

1024 1494 1124 1538 res
1166 1475 1235 1536 Β.
1283 1510 1364 1520 -
1423 1472 1893 1536 dissimulatione
1924 1492 2047 1537 om.
2079 1473 2126 1534 F
2161 1478 2221 1534 et
2255 1489 2356 1556 pr.
2399 1472 2473 1532 A.

1114 1591 1215 1652 13.
1262 1587 1457 1668 maqis
1499 1586 1562 1647 id
1602 1587 1808 1649 idoneo
1852 1590 1921 1649 B.

1116 1692 1212 1756 14.
1255 1687 1537 1772 volemus]
1584 1691 1837 1752 uelimus
1880 1690 2101 1753 PFRT.

1114 1796 1214 1858 17.
1259 1789 1624 1874 modestiam]
1674 1796 2124 1875 temperantiam
2168 1796 2233 1856 B.

1115 1899 1213 1960 18.
1256 1898 1556 1959 malorum
1599 1906 1652 1960 et
1692 1897 1981 1959 bonorum
2024 1900 2095 1959 T.
2158 1930 2244 1944 -
2307 1890 2469 1978 item]

1025 2001 1220 2085 iqitur
1261 2003 1331 2063 T.

1115 2106 1215 2168 19.
1261 2100 1431 2187 Item]
1479 2112 1534 2167 et
1574 2104 1803 2168 PAFT.
1858 2136 1940 2149 —
2005 2123 2211 2168 rerum
2260 2102 2477 2166 multa-

1023 2228 1164 2273 rum
1203 2210 1423 2273 PFRT.

1109 2316 1214 2378 21.
1264 2308 1548 2395 tribuens]
1595 2313 1688 2375 rei
1729 2312 1993 2376 tribuens
2018 2311 2167 2376 PBT
2204 2318 2265 2375 et
2300 2330 2469 2382 corr.

1024 2418 1110 2490 A,
1155 2416 1484 2481 retribuens
1524 2417 1594 2479 F.

1108 2523 1214 2584 25.
1262 2540 1398 2584 cum
1439 2539 1565 2585 om.
1601 2521 1722 2585 FT.
1776 2553 1853 2566 --
1900 2522 2275 2603 conseramus
2321 2522 2475 2586 FRT

1025 2630 1088 2689 et
1128 2642 1224 2707 pr.
1268 2627 1342 2688 A.
1377 2659 1460 2672 -
1503 2626 1759 2688 alterum
1803 2626 2002 2688 uitare
2043 2627 2112 2689 B.

1104 2730 1208 2791 26.
1253 2729 1511 2792 alterum
1552 2730 1932 2792 cohortemur
1957 2739 2064 2792 aut
2089 2729 2367 2793 PAFRT.
2390 2762 2474 2776 —

1021 2827 1270 2915 aliquid]
1318 2833 1574 2914 aliquem
1617 2833 1688 2897 B.

1107 2939 1211 2999 27.
1260 2938 1526 3019 aliquam
1550 2956 1677 3001 om.
1708 2955 1804 3021 pr.
1829 2939 1899 2999 Τ.
1931 2936 2196 3019 (aliquid
2220 2957 2348 3020 mg.
2374 2935 2474 3013 T.)

1022 3074 1106 3087 —
1144 3041 1525 3122 disciplinam
1566 3060 1665 3125 pr.
1700 3042 1768 3104 P.
1804 3075 1882 3087 —
1929 3050 1984 3103 et
2026 3060 2149 3105 om.
2180 3042 2400 3104 PAFT.

1107 3146 1211 3207 28.
1259 3140 1532 3226 quidque]
1580 3145 1724 3225 quid
1762 3147 1828 3209 F.
1870 3179 1949 3190 —
2005 3141 2294 3227 oporteat]
2331 3164 2476 3227 pos-

1023 3247 1103 3334 sit
1146 3250 1216 3312 B.
1259 3282 1344 3296 -
1388 3248 1752 3312 ostendemus
1797 3268 1922 3314 om.
1961 3248 2186 3311 PAFT.

1106 3409 1253 3494 Peg.
1293 3409 1392 3473 42.
1437 3429 1498 3473 v.
1538 3412 1594 3473 1.
1679 3419 1785 3474 aut
1825 3406 1901 3492 si]
1970 3410 2100 3473 Utsi
2156 3427 2249 3493 pr.
2280 3411 2353 3472 P.
2394 3441 2470 3456 -

1008 3515 1347 3596 praesentis
1378 3523 1487 3577 aut
1516 3515 1757 3578 auditae
1791 3517 1862 3578 T.

1103 3619 1166 3682 2.
1210 3616 1300 3689 id,
1344 3613 1519 3700 quod]
1568 3618 1635 3680 in
1669 3617 1812 3698 quid
1846 3621 1917 3681 B.

1105 3722 1168 3784 3.
1206 3739 1530 3802 possumus
1559 3721 1798 3794 PBRT,
1845 3722 2150 3801 possimus
2183 3720 2279 3783 uel
2304 3729 2474 3801 pote-

1018 3824 1215 3890 m'mus
1256 3842 1422 3889 corr.
1462 3826 1534 3889 A.

1103 3930 1164 3991 4.
1209 3927 1584 3992 innocentum
1618 3929 1747 3993 RT.
1789 3961 1868 3973 -—
1910 3927 2186 3990 misereri
2211 3927 2473 3991 dicemus

1021 4031 1345 4098 PABFRT.

1887 624 2066 692 VAR.
2113 622 2340 692 LECT.
2382 622 2491 686 AD
2537 618 3172 690 RHETORICORUM

2641 822 2701 885 8.
2744 818 3007 883 dicemus
3045 819 3305 885 smdiose
3346 820 3420 880 Β.

2642 925 2704 986 9.
2742 924 3020 1004 parentis
3059 924 3130 985 P.

2644 1029 2743 1090 10.
2788 1027 3328 1089 demonstrauimus
3369 1028 3437 1088 B.
3486 1054 3562 1066 —
3609 1018 3685 1105 si]
3734 1022 3834 1086 sed
3875 1025 3948 1085 Β.

2645 1132 2741 1192 11.
2785 1130 3029 1192 colenda
3072 1151 3168 1211 pr.
3202 1130 3250 1191 P
3297 1135 3359 1192 et
3399 1146 3566 1191 corr.
3599 1129 3730 1191 AR.
3777 1161 3860 1174 —
3902 1145 4007 1187 nec

2543 1252 2723 1314 prece
2767 1252 2892 1296 om.
2933 1235 3261 1296 PABFRT.

2643 1339 2742 1399 12.
2792 1332 3111 1418 simultate]
3159 1337 3547 1399 similitudine
3591 1338 3663 1399 B.

2644 1441 2742 1504 13.
2790 1441 3046 1504 dicimus
3070 1443 3143 1504 Β.
3177 1474 3252 1486 -
3284 1440 3587 1522 aequabile
3614 1442 3713 1503 ius
3736 1441 4005 1517 PARET,

2552 1545 2795 1626 aequale
2835 1545 2933 1606 ius
2974 1547 3048 1608 R.
3099 1576 3176 1589 --
3223 1545 3539 1608 conuenire
3579 1545 3766 1607 statui
3810 1545 3882 1606 T.

2642 1649 2737 1709 16.
2782 1643 3016 1730 eisdem]
3067 1649 3222 1710 idem
3263 1667 3358 1731 pr.
3387 1649 3464 1720 P,
3508 1648 3693 1710 isdem
3720 1648 3853 1721 AF,
3896 1649 4004 1711 iis·

2549 1750 2683 1813 dem
2723 1768 2886 1815 corr.
2918 1753 2992 1824 P,
3037 1752 3267 1814 hisdem
3308 1754 3379 1814 B.

2640 1857 2737 1917 16.
2783 1864 2838 1917 et
2876 1855 3335 1918 dissuadendum
3376 1855 3537 1933 (om.
3572 1855 3682 1935 ad)
3724 1856 3794 1919 B.

2639 1960 2739 2020 17.
2786 1977 2992 2020 sumus
3033 1961 3105 2028 Β.
3152 1992 3235 2005 ·-
3282 1959 3635 2039 faciundum
3688 1978 3807 2031 esse
3847 1959 4004 2022 dice«

2548 2078 2684 2121 mus
2724 2058 2993 2139 (omisso
3036 2062 3206 2143 quid)
3249 2063 3478 2134 PBFR,
3527 2062 3870 2143 faciendum
3909 2063 4003 2125 di-

2549 2183 2745 2226 cemus
2786 2166 2837 2227 A
2857 2211 2874 2238 ,
2919 2166 3063 2247 quid
3096 2166 3437 2247 faciendum
3478 2183 3599 2227 esse
3639 2165 3901 2228 dicemus
3928 2167 3997 2227 T.

2639 2269 2738 2331 18.
2786 2287 2883 2331 res
2923 2288 3177 2351 maqnas
3216 2269 3579 2331 ostendemus
3621 2271 3691 2339 Β.

2639 2372 2738 2434 19.
2780 2372 3033 2435 humiles
3054 2391 3152 2435 res
3169 2375 3241 2436 B.
3259 2407 3342 2419 —
3357 2373 3618 2455 sortibus
3638 2374 3733 2443 uel
3751 2374 3922 2436 uiros
3935 2373 4001 2438 P.

2633 2477 2741 2539 20.
2779 2485 3102 2558 propterea
3145 2496 3272 2539 om.
3308 2478 3428 2539 FT.

2633 2581 2738 2642 21.
2787 2576 3031 2662 laboris]
3078 2580 3306 2642 doloris
3346 2601 3445 2662 pr.
3482 2582 3554 2644 T.

2634 2685 2735 2746 22.
2778 2678 3048 2764 mortem]
3081 2703 3309 2747 morem
3329 2683 3399 2745 P.
3430 2718 3514 2730 —
3543 2685 3903 2764 turpitudini
3921 2685 3994 2747 T.

2550 2820 2630 2832 -
2673 2787 2901 2849 haberi.
2959 2787 3124 2848 nullo
3183 2789 3338 2850 ΑΒΤ
3394 2794 3457 2851 et
3498 2806 3659 2853 corr.
3706 2788 3800 2849 PF
3814 2834 3831 2859 ‚
3892 2788 4002 2849 ha·-

2547 2892 2677 2955 bere
2704 2891 2772 2954 in
2803 2890 2967 2953 nullo
3011 2911 3108 2973 pr.
3144 2891 3213 2953 P.
3263 2890 3506 2970 (habere
3546 2892 3709 2962 nullo
3755 2911 3851 2972 pr.
3887 2892 3996 2970 F.)
4031 2940 4037 2946 .

2630 2998 2735 3059 24.
2785 2990 3093 3076 quodlibet]
3142 2995 3379 3076 quilibet
3424 2996 3502 3067 B,
3561 2995 3878 3076 quamlibet
3921 2995 3989 3055 F.

2549 3132 2631 3146 -
2659 3100 2872 3163 amicis
2907 3099 3004 3161 his
3025 3099 3198 3160 rebus
3218 3098 3457 3171 PART‚
3502 3099 3718 3161 amicis
3741 3098 3910 3160 rebus
3931 3099 3997 3169 F,

2549 3204 2763 3266 amicis
2805 3212 2860 3265 et
2893 3203 2997 3265 'his
3040 3202 3213 3266 rebus
3252 3205 3323 3264 B.

2631 3310 2738 3370 26.
2787 3307 3062 3369 honores.
3100 3306 3389 3388 pecunias
3432 3307 3503 3368 B.

2632 3414 2736 3473 27.
2784 3410 3077 3472 similium
3120 3428 3323 3472 rerum
3367 3409 3588 3473 PABF.

2634 3516 2736 3579 28.
2785 3514 3171 3577 ostendemus.
3213 3512 3469 3576 nimium
3511 3508 3660 3576 PAF
3678 3559 3693 3586 ‚
3739 3513 3998 3577 ostende·

2546 3639 2697 3682 mus.
2729 3619 3094 3699 nimiumque
3138 3620 3208 3679 T.

2631 3725 2736 3786 29.
2783 3721 3274 3786 dissuadebimus.
3331 3720 3569 3783 modum
3612 3721 3802 3793 PAF,
3874 3720 4000 3784 dis-

2546 3826 2943 3889 suadebimus.
2992 3833 3046 3887 et
3088 3823 3144 3885 si
3185 3824 3424 3889 modum
3468 3827 3539 3888 T.

2631 3933 2734 3994 30.
2784 3929 3149 3992 Huiusmodi
3166 3937 3378 4010 partes
3406 3936 3541 3991 sunt
3571 3928 3841 3990 omnibus
3861 3946 3999 3990 uer-

2542 4035 2634 4097 bis
2675 4032 3081 4097 adtenuandae
3134 4033 3191 4095 si
3240 4034 3313 4096 ab
3367 4033 3535 4098 PAF.
3594 4066 3676 4080 -
3747 4031 3999 4095 uirtutis

1103 4136 1167 4199 5.
1214 4134 1351 4198 bene
1393 4152 1522 4198 om.
1559 4135 1711 4198 AFR
1748 4134 1903 4198 etin
1932 4154 2148 4200 rasura
2178 4142 2473 4221 quattuor
2544 4147 2680 4200 sunt
2702 4141 2773 4204 R.
2797 4171 2878 4183 —-
2909 4132 3301 4218 suadebimus]
3329 4136 3795 4208 dissuadebimus
3811 4152 3907 4219 pr.
3926 4136 3996 4197 Β.

1018 4235 1153 4304 fere
1181 4236 1526 4302 litterarum
1569 4237 1639 4299 P.
1688 4272 1771 4286 -
1814 4236 2054 4322 referri]
2101 4240 2369 4321 conferri
2399 4240 2469 4301 B.

1105 4343 1165 4406 6.
1210 4342 1364 4403 male
1405 4341 1651 4404 meritos
1691 4342 1901 4405 ulcisci
1954 4345 2025 4405 Β.
2076 4375 2153 4390 -
2223 4362 2469 4426 maqno-

959 4513 982 4525 ,
1008 4463 1155 4526 pere
1199 4439 1475 4529 (ubique)
1518 4447 1786 4509 PABFT.

1104 4550 1166 4610 7.
1215 4548 1367 4629 leqes
1409 4557 1464 4610 et
1505 4565 1630 4611 om.
1665 4551 1737 4610 T.
1788 4582 1871 4595 --
1934 4546 2149 4632 mores]
2210 4550 2471 4615 maiores

2629 4243 2731 4303 31.
2781 4235 2896 4323 his]
2945 4240 3000 4304 is
3043 4241 3111 4302 F.
3160 4270 3243 4286 --
3285 4248 3585 4304 attenuent
3628 4242 3699 4303 T.
3959 4307 3970 4312 ‚

2629 4347 2733 4407 32.
2782 4345 2897 4406 erit
2939 4363 3106 4408 nemo
3150 4344 3254 4426 qui
3295 4352 3484 4407 censet
3525 4347 3597 4407 B.
3644 4376 3727 4390 —
3788 4360 3998 4420 verum

2544 4457 2649 4511 aut
2693 4468 2820 4512 om.
2858 4450 2929 4510 T.

2626 4553 2910 4635 Pagdffi.
2977 4570 3036 4614 v.
3076 4552 3132 4613 1.
3223 4550 3510 4630 eiusmodi
3568 4550 3860 4626 PAFRT..
3913 4583 3991 4596 -

917 4733 925 4742 ⁸
1017 4669 1116 4736 pr.
1148 4652 1218 4712 P.
1255 4681 1330 4692 —
1378 4652 1686 4733 aeqreqiae
1721 4671 1819 4733 pr.
1854 4652 1897 4713 P
1918 4699 1934 4725 ‚
1980 4654 2246 4735 eqreqiae
2290 4654 2356 4716 F.
2384 4695 2466 4708 -
2540 4655 2780 4717 dicatur
2823 4654 2997 4717 PAR.

1019 4757 1280 4818 dicemus
1333 4764 1601 4835 oportere
1656 4756 1900 4817 seruari
1955 4755 2211 4819 PAFRT
2230 4804 2247 4829 ,
2312 4758 2467 4820 dice·

1018 4878 1153 4923 mus
1193 4859 1434 4923 seruari
1482 4855 1749 4940 (omisso
1792 4858 2092 4942 oportere)
2133 4861 2206 4923 B.

2627 4760 2688 4820 2.
2737 4759 3039 4840 eqreqiam
3067 4756 3375 4837 possimus
3416 4753 3689 4837 experiri
3728 4759 3778 4821 Β
3796 4804 3813 4833 ,
3849 4776 3990 4840 pos·

2448 4936 2456 4946 ⁶
2541 4861 2728 4925 simus
2769 4860 3041 4945 experiri
3082 4861 3381 4946 eqreqiam
3421 4863 3494 4923 R.
