4620 5864
990 600 1099 671 40

1845 604 2028 667 VAR.
2075 602 2304 667 LECT.
2353 605 2457 668 AD
2502 603 3139 670 RHETORICORUM

1074 800 1181 862 20.
1230 799 1465 862 audiuit
1519 800 1591 863 de
1630 806 1762 863 arte
1806 800 1990 875 PAB,
2049 802 2119 866 de
2159 810 2291 866 aree
2335 822 2447 866 aa·
2523 802 2730 883 Ome.)
2757 835 2841 849 -—
2881 824 2979 867 eos
3019 805 3084 867 id
3127 803 3408 889 quodpr.
3437 804 3504 877 P,
3550 825 3648 868 eos
3674 826 3811 869 cum
3849 807 3978 869 ideo

992 902 1149 965 diuit
1191 904 1367 967 FRT.

1077 1008 1182 1068 21.
1219 1007 1445 1088 poterit
1492 1027 1619 1071 om.
1670 1009 1742 1070 T.
1773 1038 1852 1053 -·
1882 1030 2031 1092 quae
2073 1019 2204 1073 arte
2247 1029 2343 1094 pr.
2378 1010 2444 1081 P,

992 1128 1142 1191 quae
1183 1110 1253 1172 de
1296 1120 1428 1173 arte
1470 1111 1570 1172 AF
1616 1118 1681 1174 et
1722 1132 1889 1177 corr.
1939 1114 2007 1175 P.
2054 1149 2138 1161 —
2180 1114 2451 1177 dicentur

993 1213 1142 1276 PAF
1146 1216 1196 1277 T
1239 1221 1303 1277 et
1343 1234 1438 1299 pr.
1488 1216 1561 1277 B.

1075 1319 1347 1381 22-24.
1387 1320 1513 1383 nisi
1555 1319 1824 1383 eruditus
1849 1353 1879 1368 -
1903 1353 1935 1368 -
1963 1354 1985 1368 ·
2016 1340 2185 1385 nemo
2225 1322 2452 1403 poterit

1001 1417 1145 1484 add.
1196 1439 1284 1486 rc.
1335 1441 1465 1504 mg.
1514 1423 1586 1485 B.

1077 1528 1182 1588 22.
1240 1520 1334 1609 Ut]
1377 1528 1476 1591 lta
1512 1535 1579 1589 uc
1618 1527 1889 1599 PABFR,
1936 1528 2143 1609 Itaque
2171 1531 2243 1591 T.
2278 1528 2452 1590 —de

996 1649 1125 1694 om.
1175 1650 1270 1711 pr.
1315 1634 1389 1695 R.
1418 1663 1500 1676 --
1532 1632 1731 1694 Ennii
1773 1651 1901 1695 om.
1956 1633 2128 1695 PAF.
2176 1633 2343 1711 (enni
2382 1630 2452 1694 de

995 1735 1285 1816 troqediis
1326 1734 1439 1812 B.)

1082 1839 1186 1901 23.
1224 1838 1594 1919 ρασιιιιίαηίε
1635 1839 1900 1903 nuntios.
1951 1839 2052 1903 sed
2078 1840 2222 1921 quia
2248 1857 2348 1923 pr.
2384 1838 2451 1909 P,

983 1942 1375 2023 pecuniam-5.
1428 1960 1574 2004 num
1608 1943 1682 2004 ‘si
1738 1943 1885 2024 quia
1922 1960 2088 2006 corr.
2133 1944 2215 2018 P,
2260 1961 2455 2024 pacu-

998 2046 1205 2107 m'am‘s
1250 2047 1553 2126 periodos.
1598 2064 1746 2108 num
1786 2047 1843 2107 si
1882 2047 2027 2127 quia
2068 2046 2169 2107 AF
2190 2090 2207 2121 ,
2264 2065 2456 2128 pacu-

997 2150 1205 2211 uianie
1234 2149 1504 2230 periodis
1543 2167 1667 2211 non
1709 2150 1765 2210 si
1805 2150 1950 2230 quia
1986 2150 2054 2223 B,
2088 2150 2457 2230 pacuuianis

987 2253 1276 2335 periodos
1287 2272 1409 2315 non
1434 2253 1580 2334 quia
1607 2253 1678 2323 R,
1706 2252 2113 2332 pachuuianis
2131 2253 2449 2335 peryodos.

1000 2375 1123 2419 non
1162 2358 1218 2419 si
1260 2357 1366 2438 qui
1407 2359 1477 2420 T.
1520 2390 1605 2403 —
1638 2356 1817 2436 plene
1850 2357 1924 2419 B.

1087 2462 1191 2523 26.
1229 2460 1526 2541 poematis
1576 2460 1750 2523 PAF.

1088 2565 1191 2626 27.
1233 2582 1403 2625 nemo
1444 2562 1510 2626 id
1550 2566 1623 2627 T.
1653 2596 1734 2611 --
1742 2558 1958 2646 possit]
1997 2565 2222 2644 poterit
2265 2565 2340 2626 R.
2378 2597 2451 2608 —

1005 2667 1326 2748 artificiose
1368 2669 1441 2731 B.

1090 2773 1196 2834 28.
1245 2766 1430 2854 erres]
1480 2790 1646 2834 cares
1687 2790 1781 2856 pr.
1812 2772 1878 2843 P,
1928 2791 1998 2834 ea
2036 2790 2135 2834 ree
2175 2772 2242 2842 F,
2288 2788 2462 2832 errae

932 2961 935 2970 .
1008 2878 1132 2949 ΒΤ,
1178 2894 1305 2940 om.
1355 2878 1449 2950 A,
1499 2873 1624 2939 del.
1673 2894 1842 2940 corr.
1891 2874 1961 2939 P.
2013 2905 2091 2919 ——-
2147 2875 2328 2938 huius
2370 2874 2461 2937 rei

1007 2999 1135 3045 om.
1184 2982 1257 3043 B.

1092 3079 1195 3148 29.
1238 3084 1393 3146 scire
1435 3102 1561 3149 om.
1606 3083 1827 3148 PAFT.
1854 3115 1935 3132 -
1960 3091 2015 3147 te
2056 3101 2184 3147 om.
2232 3083 2455 3148 PABF.

1007 3219 1091 3238 --
1132 3183 1525 3282 ingelleqimus
1565 3188 1687 3252 FT.

1092 3293 1196 3357 30.
1240 3300 1333 3355 est
1368 3299 1510 3356 ante
1540 3312 1602 3357 v.
1650 3294 2040 3375 artificiosius
2081 3311 2209 3359 om.
2250 3293 2372 3356 FT.

1093 3397 1198 3459 31.
1247 3396 1459 3459 scribet
1499 3398 1568 3470 B,
1613 3397 1738 3478 ipse
1781 3399 1989 3460 scribit
2030 3399 2104 3462 R.

1094 3501 1201 3563 32.
1248 3501 1544 3563 commode
1570 3502 1798 3583 scripta
1824 3535 1856 3547 -
1881 3533 1911 3548 -
1935 3533 1967 3548 ·-
1993 3508 2360 3574 consumant,
2395 3505 2464 3563 ut

1008 3602 1131 3684 ipsi
1171 3621 1297 3668 om».
1341 3604 1515 3667 PAF.
1563 3606 1732 3688 (add.
1780 3626 1870 3669 rc.
1918 3623 2045 3690 mg.
2094 3603 2189 3688 P.)
2233 3636 2318 3652 -—-
2359 3603 2465 3688 qui

1008 3726 1156 3770 uero
1190 3707 1354 3789 eliyit
1396 3710 1471 3773 R.

1095 3811 1243 3894 Pag.
1276 3814 1379 3877 63.
1429 3832 1486 3877 v.
1526 3815 1582 3875 1.
1659 3813 1874 3875 scribet
1914 3815 2038 3877 BT.

1096 3918 1159 3979 2.
1207 3917 1328 3997 ipsi
1367 3908 1611 3998 qiqnere
1652 3919 1723 3990 R,
1769 3925 1822 3979 et
1864 3916 1985 3997 ipsi
2026 3917 2295 3999 qiqnente
2336 3919 2410 3980 B.

1097 4022 1158 4084 3.
1203 4016 1573 4103 cmwumant]
1621 4021 1975 4102 confirmant
2015 4022 2086 4087 B.
2124 4057 2198 4071 -
2227 4029 2294 4084 ut
2332 4040 2459 4085 om.

1012 4126 1137 4189 ΒΤ..
2160 4131 2169 4134 ³

1095 4231 1160 4294 4.
1210 4227 1507 4311 eliqendus
1550 4228 1672 4293 AF.
1719 4262 1794 4275 -
1842 4227 2055 4291 elector
2094 4247 2215 4290 esse
2258 4226 2468 4290 existi-

1012 4342 1210 4399 metur
1249 4333 1373 4405 AF,
1420 4334 1693 4395 electores
1736 4332 2168 4395 existimantur
2208 4331 2280 4395 B.

1097 4440 1161 4501 5.
1209 4434 1310 4519 iis]
1358 4438 1454 4500 hie
1496 4438 1618 4500 FT.
1678 4471 1761 4484 —
1829 4437 2046 4499 alienis
2085 4456 2143 4498 se
2186 4434 2473 4516 exemplis

1012 4543 1166 4606 AFT
1210 4548 1274 4606 et
1321 4561 1418 4624 pr.
1460 4541 1528 4605 P.

1099 4648 1160 4710 6.
1202 4664 1362 4708 nunc
1383 4645 1708 4727 separatim
1730 4663 1878 4726 quae
1899 4645 1971 4711 B.
1998 4677 2075 4688 —-
2101 4643 2333 4725 possim!
2353 4643 2469 4705 PF.

1103 4751 1165 4813 8.
1214 4745 1511 4831 Dicimus]
1565 4750 1781 4813 Omnes
1822 4750 1868 4808 B
1909 4752 1969 4809 et
2017 4766 2118 4828 pr.
2171 4750 2244 4809 T.
2293 4746 2475 4826 (Per.-

2520 908 2676 990 quod
2715 909 2940 971 ABFT.
2989 908 3120 986 (eos
3162 917 3288 971 tum
3322 909 3451 970 ideo
3482 910 3637 990 quod
3663 928 3827 973 corr.
3864 909 3973 988 P.)

2610 1013 2671 1074 9.
2715 1010 2916 1092 mayis
2958 1013 3139 1073 eliam
3174 1012 3498 1075 PABFRT.
3530 1047 3608 1059 ——
3633 1022 3893 1075 sumant.
3927 1022 3982 1074 et

2523 1116 2591 1177 de
2633 1116 2840 1178 AFRT
2884 1122 2947 1178 et
2988 1134 3086 1196 pr.
3122 1116 3202 1188 P,
3269 1126 3530 1179 sumam.
3579 1125 3666 1179 set
3705 1118 3774 1180 de
3816 1135 3979 1181 corr.

2524 1221 2590 1293 P,
2632 1227 2892 1282 sumant.
2935 1227 3001 1281 at
3042 1218 3112 1280 de
3152 1221 3221 1285 B.

2613 1326 2712 1387 10.
2761 1332 2938 1385 antea
2980 1323 3150 1386 PFT.

2615 1431 2710 1494 11.
2754 1429 3052 1490 vincerem
3079 1428 3219 1491 illos
3252 1428 3436 1492 unius
3467 1428 3696 1493 AFRT.
3726 1463 3802 1474 —
3829 1428 3984 1511 quod

2527 1550 2655 1595 om.
2704 1549 2799 1616 pr.
2847 1534 2923 1595 A.

2618 1638 2716 1698 12.
2764 1636 2874 1698 hoc
2943 1656 3070 1701 om.
3145 1639 3221 1699 Τ.
3286 1670 3369 1684 -
3433 1633 3658 1719 eorum]
3735 1637 3981 1699 illorum

2526 1740 2851 1806 PABFRT.
2877 1769 2953 1782 -
2984 1741 3151 1803 Licet
3193 1740 3367 1802 PAF.
3404 1775 3487 1787 —
3517 1737 3591 1823 ec]
3624 1749 3692 1802 ut
3720 1742 3794 1803 R.

2619 1845 2718 1906 15.
2766 1843 2958 1906 dicere
2981 1845 3097 1907 PF.
3122 1879 3204 1891 —
3225 1852 3431 1906 utrum
3461 1846 3727 1907 omnium
3752 1845 3979 1907 omnia.

2526 1964 2609 2007 em
2665 1948 2870 2009 omnia
2928 1967 2969 2009 a
3022 1948 3253 2009 nemine
3309 1948 3496 2009 aliud.
3533 1949 3724 2010 alium
3763 1965 3860 2031 pr.
3917 1951 3983 2022 P,

2526 2058 2733 2112 utrum
2776 2068 2979 2111 omnes
3022 2051 3246 2114 omnia.
3303 2068 3388 2112 an
3427 2052 3632 2112 omnia
3670 2051 3983 2112 neminem.

2527 2154 2628 2216 sed
2668 2153 2838 2217 aliud
2867 2153 3057 2216 alium
3088 2171 3251 2216 corr.
3287 2153 3354 2226 P,
3401 2163 3605 2216 utrum
3638 2155 3834 2216 omnis
3861 2173 3987 2217 om·

2527 2258 2634 2319 nia
2677 2277 2758 2320 an
2799 2259 3003 2321 omnia
3045 2278 3085 2321 a
3125 2259 3355 2321 nemine
3397 2277 3481 2321 an
3506 2258 3659 2320 illud
3689 2259 3880 2320 alium
3914 2258 3984 2329 A,

2529 2369 2735 2423 utrum
2795 2381 2983 2424 unum
3039 2363 3242 2424 omnia
3296 2364 3609 2424 neminem.
3669 2360 3768 2423 sed
3820 2361 3991 2423 aliud

2530 2466 2720 2527 alium
2750 2467 2818 2539 B,
2862 2473 3069 2528 utrum
3110 2484 3311 2528 omnes
3352 2466 3555 2528 omnia
3595 2484 3679 2528 an
3719 2465 3923 2528 omnia
3949 2483 3989 2527 a

2529 2569 2762 2631 nemine
2817 2587 2900 2630 an
2955 2566 3127 2630 aliud
3169 2569 3360 2631 alium
3401 2569 3448 2643 F
3463 2615 3502 2642 ,„
3528 2576 3762 2653 ‚mrum
3801 2587 3990 2631 unum

2531 2672 2736 2734 omnia
2775 2691 2858 2734 an
2898 2670 3136 2750 (omnia
3173 2673 3312 2735 add.
3337 2656 3626 2751 eoem)
3668 2671 3980 2734 neminem.

2532 2775 2700 2837 aliud
2751 2775 2942 2837 alium
2994 2779 3076 2861 R,
3123 2766 3456 2857 mistumque
3509 2775 3582 2837 ab
3622 2794 3742 2837 uno
3785 2775 3990 2837 omnia

2533 2898 2616 2942 an
2656 2880 2945 2943 omnimo
2987 2877 3217 2943 nem'ihe
3260 2898 3341 2942 an
3376 2878 3545 2942 aliud
3586 2878 3659 2941 ab
3702 2878 3824 2941 alio
3867 2879 3942 2942 T.

2623 2985 2723 3047 16.
2761 3002 2938 3066 posse
2980 2980 3204 3067 omnia]
3253 2983 3458 3046 omnia
3487 3002 3665 3064 posse
3708 2984 3780 3044 T.

2623 3077 2723 3150 17.
2762 3107 2944 3169 penes
2984 3083 3192 3170 unum]
3228 3105 3345 3169 per
3383 3088 3510 3150 dies
3548 3105 3736 3149 unum
3777 3106 3876 3168 pr.
3921 3086 3988 3158 P,

2525 3213 2642 3277 per
2682 3212 2869 3255 unum
2910 3192 3010 3254 FT
3055 3198 3117 3255 et
3159 3190 3319 3255 corr.
3364 3190 3431 3263 P,
3466 3193 3740 3273 primum
3782 3190 3856 3251 Α.
3908 3218 3990 3233 —-
4107 3263 4121 3273 κ

2533 3292 2874 3379 consistere]
2922 3291 3254 3359 condiscere
3289 3296 3413 3359 AF.
3443 3327 3520 3340 —
3553 3313 3784 3357 omnem
3808 3292 3986 3356 AFT.

2625 3401 2723 3465 18.
2771 3395 2888 3481 sin]
2936 3401 2994 3461 si
3035 3400 3309 3464 PBFRT.
3352 3432 3436 3444 --
3470 3398 3889 3480 desperaritA
3929 3402 3993 3460 et

2537 3524 2699 3570 corr.
2731 3503 2844 3577 PF,
2888 3502 3228 3584 desperavit
3263 3506 3316 3567 R
3346 3509 3408 3565 et
3436 3521 3535 3587 pr.
3571 3501 3637 3575 P,
3681 3502 3993 3584 desperare

2537 3630 2636 3691 pr.
2670 3609 2739 3671 F.
2776 3640 2854 3652 ——
2896 3627 2956 3668 se
2999 3607 3067 3669 in
3097 3606 3316 3688 paucis
3357 3608 3431 3670 R.
3459 3606 3724 3671 —ent'm
3759 3621 3888 3672 om.
3910 3607 3986 3668 R.

2539 3745 2620 3758 —
2651 3719 3011 3792 contemptus
3054 3713 3129 3774 R.

2623 3818 2730 3881 20.
2777 3810 2990 3897 iqitur]
3038 3833 3183 3895 erqo
3213 3814 3282 3878 B.
3327 3847 3411 3861 -—
3453 3813 3712 3895 yraceho
3754 3812 3824 3876 T.

2622 3921 2728 3983 21.
2777 3917 2933 3982 lellio
2977 3937 3072 4004 pr.
3122 3918 3192 3991 P,
3241 3917 3376 3981 lelio
3420 3923 3581 3981 co'rr.
3626 3918 3694 3981 P.

2623 4025 2727 4086 22.
2777 4022 3162 4084 etstan-iarum
3189 4040 3284 4106 pr.
3318 4021 3385 4095 P,
3409 4030 3462 4084 et
3484 4022 3838 4084 {storiarum
3863 4005 3992 4081 AF.

2623 4128 2727 4189 23.
2770 4125 2975 4209 discet]
3021 4125 3245 4188 discere
3285 4126 3416 4187 uult
3458 4127 3533 4190 R.
3561 4132 3876 4205 —putare
3918 4124 3992 4185 ab

2543 4229 2812 4293 omnibus
2852 4229 3057 4291 omnia
3098 4228 3425 4293 PABFRT.

2628 4335 2733 4397 24.
2781 4353 2843 4396 se
2899 4328 3100 4416 unius]
3163 4334 3344 4396 unius
3385 4331 3652 4413 (omisso
3695 4328 3779 4413 se)
3821 4331 3991 4406 PAF,

2543 4439 2726 4500 unius
2766 4458 2828 4500 se
2869 4438 2996 4499 BR.

2630 4544 2736 4605 26.
2784 4542 3025 4603 inutiles
3080 4540 3136 4602 ei
3190 4558 3288 4624 pr.
3340 4540 3411 4604 P.
3459 4575 3541 4587 -—
3583 4539 3731 4603 uult.
3774 4547 4000 4622 putare

2546 4646 2832 4708 anomnio
2875 4664 3051 4727 posse
3093 4662 3184 4727 pr.
3233 4644 3279 4705 P
3300 4691 3316 4716 ,
3372 4645 3520 4707 uult.
3555 4651 3775 4725 putare
3817 4665 3857 4706 a
3896 4662 3998 4705 ne-

2546 4749 2705 4812 mine
2733 4748 2935 4810 omnia
2957 4766 3133 4828 posse
3159 4750 3307 4811 AFT
3337 4755 3399 4811 et
3427 4765 3590 4810 corr.
3625 4748 3691 4822 P,
3727 4748 3857 4809 uult
3876 4765 3998 4808 non

1017 4858 1254 4918 mutata
1295 4853 1464 4916 inter
1504 4870 1570 4915 se
1613 4857 1758 4915 sunt
1809 4850 2183 4935 compendia
2221 4851 2373 4913 Dms
2412 4856 2476 4913 et
2542 4860 2760 4936 putare
2786 4871 2974 4915 unum
3000 4850 3205 4915 omnia
3223 4871 3401 4934 posse
3431 4854 3484 4916 R
3519 4858 3582 4918 et
3604 4870 3767 4917 corr.
3794 4865 3884 4913 rc.
3917 4849 3990 4913 P.
