4620 5864
1040 609 1147 680 34
1888 612 2069 682 VAR.
2114 612 2341 681 LECT.
2386 613 2494 676 AD
2541 610 3176 680 RHETORICORUM

1125 809 1226 873 11.
1302 807 1585 890 quiddam
1653 809 1923 874 PBFRT.
2004 843 2082 856 —
2170 812 2490 893 artificiosi
2561 812 2862 876 inmodica
2900 813 3184 888 ΡΑΒΡΤ,
3244 831 3365 876 non
3404 810 3640 876 modica
3681 815 3754 878 R.
3799 854 3880 867 -
3921 813 4017 875 αε-

1034 913 1311 977 PARET.
1361 948 1445 960 -
1487 909 1546 995 a]
1593 913 1668 975 ab
1711 913 1877 976 PFT.
1912 950 1992 963 -
2039 914 2208 977 aliud
2251 935 2380 978 om.
2409 919 2480 980 B.
2562 911 2851 999 dicerunt]
2898 917 3239 980 deamat
3282 938 3380 998 pr.
3416 916 3485 979 P.

1124 1018 1225 1089 12.
1272 1018 1468 1099 maqis
1510 1036 1639 1081 om.
1681 1016 1852 1079 PAF.
1908 1050 1983 1064 -
2019 1019 2276 1100 proinde
2303 1021 2479 1083 FRT.
2650 1022 2749 1083 ιο.
2797 1005 2966 1102 qua&
3014 1022 3170 1103 quoa
3209 1021 3379 1085 PFT.
3417 1051 3496 1064 —
3538 1017 3876 1104 audiam]
3922 1022 4015 1083 αι·-

1033 1128 1263 1184 constat
1305 1122 1373 1184 F.
2560 1123 2832 1187 dicerunt
2874 1127 2946 1186 B.

1089 1226 1223 1289 ’13.
1271 1225 1339 1288 de
1382 1245 1451 1288 ea
1491 1243 1559 1288 re
1601 1224 1825 1288 PFRT.
2649 1228 2748 1289 11.
2797 1230 2954 1291 enim
2982 1247 3110 1292 om.
3137 1228 3362 1292 PAFR.
3410 1228 3596 1308 (Nam
3616 1229 3734 1292 loci
3755 1247 3882 1293 cere
3901 1226 4005 1308 B.)

1117 1329 1219 1393 14.
1267 1329 1437 1392 nobie
1479 1348 1605 1394 om.
1644 1329 1711 1390 F.
1746 1362 1827 1373 —
1873 1331 2225 1393 memoriam
2267 1331 2340 1393 Β.
2649 1332 2747 1393 13.
2796 1333 2988 1396 multa
3038 1334 3317 1395 uolumus
3365 1335 3436 1397 T.
3491 1369 3574 1381 —
3643 1334 3861 1399 multoe
3900 1353 4012 1397 noe

1119 1435 1219 1496 15.
1267 1435 1349 1496 sit
1390 1454 1461 1496 ea
1502 1436 1686 1506 BRT,
1730 1434 1810 1495 sit
1852 1454 1954 1496 eas
1993 1455 2091 1516 pr.
2127 1435 2199 1507 P,
2234 1434 2357 1497 sint
2384 1454 2484 1497 eas
2558 1434 2726 1496 nobis
2768 1438 2840 1499 B.

1028 1538 1129 1600 AF
1176 1546 1239 1600 et
1269 1558 1434 1599 corr.
1472 1539 1539 1599 P.
2649 1540 2747 1600 14.
2793 1547 2862 1601 ut
2917 1541 2984 1602 in
3037 1536 3264 1623 multis]
3330 1542 3423 1603 uti
3464 1542 3670 1604 multis
3710 1542 3846 1616 PA,
3918 1541 4011 1604 uti

1116 1643 1216 1704 17.
1265 1642 1447 1703 simul
1486 1660 1624 1704 cum
1663 1638 2037 1724 coqitatione]
2094 1642 2483 1705 sinemulcum
2557 1642 2763 1704 multis
2802 1643 3040 1718 in,FT,
3083 1645 3208 1706 iam
3249 1646 3456 1707 multis
3497 1648 3571 1709 R.

1026 1746 1417 1807 concitatione
1472 1765 1570 1827 pr.
1620 1747 1699 1820 P,
1773 1746 1901 1808 eine
1964 1745 2157 1809 multa
2222 1747 2482 1811 concita-
2646 1748 2744 1809 15.
2783 1755 3074 1828 putamus
3114 1756 3384 1829 oportere
3425 1768 3498 1811 ne
3542 1748 3790 1826 (mediis
3821 1748 4012 1813 omis-

1025 1850 1181 1912 tione
1223 1850 1323 1911 FT
1367 1856 1432 1912 et
1471 1868 1636 1913 corr.
1672 1850 1740 1911 P.
2556 1849 2668 1927 sis)
2713 1851 2897 1925 PAF,
2940 1860 3229 1932 putamus
3271 1860 3539 1934 oportere
3581 1854 3689 1915 hos
3730 1852 3889 1915 locos
3929 1871 4007 1914 ea:

1112 1953 1213 2016 18.
1262 1949 1396 2035 Sed]
1444 1953 1530 2014 Et
1574 1955 1647 2017 R.
1684 1988 1766 2000 —
1810 1955 1957 2035 quia
1998 1972 2123 2017 om.
2154 1972 2254 2039 pr.
2289 1954 2365 2016 A.
2557 1953 2764 2016 ordine
2806 1954 3017 2017 habere
3072 1975 3144 2017 ne
3197 1957 3284 2030 R,
3346 1964 3635 2037 putamus
3690 1956 3797 2018 hos
3849 1956 4010 2019 locos

1106 2058 1214 2121 20.
1262 2051 1372 2137 ita]
1406 2057 1546 2118 item
1573 2056 1721 2119 PAF
1726 2061 1797 2120 T.
2556 2076 2633 2118 ex
2676 2057 2886 2119 ordine
2928 2060 3277 2140 comparari
3318 2068 3589 2142 oportere
3629 2079 3701 2123 ne
3743 2061 3816 2121 T.

1104 2161 1212 2223 21.
1260 2159 1405 2221 huic
1445 2178 1574 2222 om.
1610 2180 1708 2241 pr.
1742 2161 1818 2223 A.
2644 2162 2742 2222 16.
2789 2163 3232 2244 quotoquodque
3260 2165 3331 2228 T.
3363 2197 3444 2208 —
3487 2159 3637 2245 loco]
3685 2163 3749 2229 id
3776 2158 3905 2225 loco
3939 2164 4004 2237 F,

1105 2264 1212 2326 22.
1260 2263 1512 2326 retineat
1554 2273 1609 2325 et
1651 2264 1967 2345 amplificet
2007 2286 2105 2347 pr.
2141 2266 2209 2327 P.
2554 2282 2678 2326 om.
2709 2264 2778 2327 P.
2813 2297 2898 2312 —-
2940 2266 3134 2329 licebit
3176 2269 3251 2329 R.

1101 2368 1209 2431 23.
1257 2376 1312 2429 et
1355 2385 1483 2431 om.
1510 2367 1788 2431 PAFRT.
1820 2401 1905 2415 —
1945 2371 2307 2451 confirmata
2347 2369 2417 2433 F.
2641 2368 2740 2431 17.
2787 2389 2831 2431 a
2884 2370 3194 2450 superiore
3247 2373 3367 2434 FT.
3424 2413 3507 2423 -
3576 2370 3667 2433 cel
3717 2389 3757 2433 a
3810 2371 4007 2434 media

1104 2473 1209 2536 24.
1260 2490 1410 2553 quae
1453 2489 1582 2535 om.
1615 2473 1683 2535 F.
2552 2489 2676 2534 om.
2706 2472 3034 2536 PABFRT.
3067 2515 3149 2527 --
3194 2475 3382 2556 sequi.
3417 2483 3483 2537 ut
3525 2483 3578 2537 et
3620 2495 3691 2537 ea
3731 2474 3869 2549 AF,
3915 2494 4005 2538 se-

1100 2576 1204 2642 25.
1254 2569 1394 2656 Nec]
1440 2585 1507 2637 ut
1550 2577 1622 2638 F.
1659 2609 1737 2624 -
1779 2573 2033 2661 artibus]
2079 2578 2252 2643 rebus
2293 2580 2368 2640 T.
2550 2574 2673 2655 qui.
2722 2582 2881 2638 utea
2907 2577 2979 2649 R,
3025 2579 3191 2660 sequi
3224 2586 3289 2640 ut
3312 2579 3617 2659 possimus
3645 2578 3998 2641 edereeaT.

1099 2680 1204 2743 26.
1243 2674 1335 2761 fit]
1384 2679 1465 2741 sit
1508 2681 1576 2742 F.
2637 2677 2738 2743 18.
2783 2680 2980 2743 videre
3031 2690 3086 2743 et
3128 2683 3408 2763 proferre
3450 2679 3777 2765 possimus]
3839 2682 4002 2745 edere

1097 2783 1200 2846 27.
1246 2783 1361 2845 erit
1404 2783 1547 2846 haec
1591 2786 1663 2847 R.
2539 2783 2842 2864 possimus
2885 2783 3158 2867 (omissis
3189 2794 3240 2847 et
3259 2781 3561 2867 proferre)
3604 2787 3753 2848 PAF
3773 2831 3790 2859 ,
3837 2784 4001 2847 edere

1097 2888 1202 2951 28.
1258 2883 1450 2970 Quod]
1497 2898 1552 2952 et
1593 2890 1818 2955 PFRT.
1859 2924 1934 2938 -
1985 2891 2223 2973 inqenio
2263 2898 2471 2954 nostro
2549 2894 2603 2950 et
2634 2886 2915 2968 proferre
2932 2890 3238 2971 possimus
3265 2892 3339 2955 R.
3427 2890 3653 2954 Omnia
3681 2891 3839 2953 haec
3866 2907 3994 2953 om.

1007 3008 1130 3054 non
1170 2992 1265 3054 PF
1309 2999 1372 3055 et
1413 3011 1514 3075 pr.
1556 2997 1641 3066 A,
1686 2996 1925 3077 inqenio
1966 2998 2164 3058 nostri
2195 3014 2318 3060 non
2345 2997 2467 3069 BR,
2550 2993 2623 3053 T.
2660 3026 2740 3038 —-
2783 3012 2928 3056 nam
2969 2995 3080 3056 etsi
3121 2995 3190 3056 in
3230 2994 3308 3065 P,
3351 3013 3497 3056 nam
3538 2995 3595 3055 si
3639 2994 3704 3056 iu
3730 2995 3813 3067 A,
3858 3011 4001 3055 nam

1006 3095 1247 3184 inqenio
1288 3104 1500 3159 nostra
1535 3100 1953 3180 praeceptione
1978 3119 2099 3164 non
2128 3102 2178 3163 T
2209 3106 2274 3163 ot
2302 3117 2467 3167 corr.
2546 3103 2613 3157 ut
2651 3098 2721 3159 in
2761 3100 2843 3171 B,
2887 3116 3030 3160 nam
3071 3098 3128 3159 si
3171 3092 3429 3179 (omisso
3472 3096 3572 3176 in)
3614 3098 3679 3161 F.

1005 3200 1079 3265 A.
1112 3230 1193 3242 —
1234 3201 1566 3283 indiqerent
1607 3202 1756 3265 PAF
1760 3204 1832 3267 T.
1886 3245 1891 3252 «
2633 3202 2736 3264 19.
2785 3196 3136 3283 complures]
3200 3220 3381 3283 quam
3412 3201 3622 3281 plures
3663 3199 3991 3263 PABFRT.

1087 3305 1194 3368 29.
1243 3300 1345 3386 iis]
1394 3306 1490 3366 his
1532 3307 1703 3371 BFT.
2629 3306 2734 3368 20.
2782 3323 2866 3367 an
2905 3324 2947 3367 a
2986 3304 3178 3368 medio
3220 3304 3446 3367 PAFT.

1087 3409 1193 3472 32.
1240 3409 1563 3490 insiqnitae
1606 3431 1704 3492 pr.
1737 3413 1817 3486 P,
1864 3415 2143 3496 ineiqniti
2186 3433 2350 3478 corr.
2384 3415 2462 3486 P,
2627 3409 2733 3470 21.
2781 3410 2976 3472 toeniet
3042 3409 3266 3472 PABF.
3330 3442 3406 3454 -
3471 3409 3537 3470 in
3600 3428 3728 3471 om.
3786 3412 3860 3472 R.
3915 3440 3994 3454 —

1001 3510 1325 3595 insiqniter
1366 3516 1488 3578 BR.
2541 3530 2722 3592 quam
2763 3512 2957 3574 libebit
2993 3520 3233 3593 partem
3261 3513 3309 3574 B
3326 3560 3344 3585 ,
3389 3513 3645 3594 qualibet
3662 3521 3843 3594 parte
3860 3515 3987 3576 RT.

1084 3617 1189 3680 33.
1233 3613 1434 3700 facile]
1486 3619 1645 3699 facie
1687 3619 1756 3682 P.
1816 3652 1899 3666 ——
1954 3623 2245 3685 memoria
2284 3628 2464 3685 natu-
2624 3616 2729 3677 22.
2777 3613 3200 3698 quotoquoque]
3249 3636 3477 3699 quoque
3498 3615 3575 3690 P,
3617 3636 3849 3700 quoquo
3871 3616 3992 3691 BF,

997 3721 1125 3784 rali
1166 3723 1237 3783 T.
1267 3753 1351 3768 -
1392 3719 1687 3806 amplecti]
1738 3726 2046 3807 complecti
2088 3729 2158 3791 R.
2539 3726 2716 3799 quoto
2759 3719 3023 3800 quodque
3067 3721 3137 3782 T·

1081 3823 1233 3905 Pag.
1266 3822 1371 3891 54.
1417 3843 1477 3888 v.
1517 3827 1576 3887 1.
1667 3836 1736 3889 ut
1778 3845 1909 3891 om.
1955 3831 2028 3891 T.
2622 3824 2726 3886 23.
2774 3823 3339 3885 manducauerimue
3381 3823 3449 3884 F.

1080 3928 1146 3991 2.
1186 3929 1423 4010 formae
1465 3928 1756 4011 quaedam
1799 3939 1938 3994 sunt
1980 3935 2052 3996 R.
2111 3965 2189 3980 —
2259 3927 2454 4015 notae]
2622 3928 2726 3989 24.
2780 3927 3104 4008 sumpseris
3144 3926 3315 3989 PAF.

996 4039 1207 4095 noctae
1247 4032 1314 4094 F.
2619 4033 2723 4098 24.
2769 4027 3201 4113 commeditari]
3233 4029 3617 4093 commoditer
3627 4046 3724 4114 pr.
3745 4030 3810 4104 P,
3832 4048 3991 4093 com-

1080 4136 1146 4199 4.
1194 4151 1449 4218 quorum
1477 4152 1604 4198 om.
1627 4134 1959 4199 PABFRT.
1988 4169 2069 4181 —
2102 4141 2459 4202 memoriam
2533 4135 2784 4197 moditor
2824 4141 3035 4196 notare
3076 4135 3232 4196 AFT
3276 4139 3342 4196 et
3384 4151 3548 4197 corr.
3578 4133 3646 4197 P.

996 4259 1127 4305 om.
1160 4238 1385 4302 PAFT.
1436 4281 1519 4292 -
1561 4238 1773 4304 habere
1813 4243 2190 4306 memoriam.
2238 4244 2455 4325 imaqi-
2622 4239 2728 4301 25.
2774 4246 2843 4301 ut
2877 4234 3183 4320 perpetuo]
3228 4238 3298 4299 in
3330 4245 3608 4319 perpetuo
3651 4255 3747 4321 pr.
3774 4238 3862 4313 A,
3919 4246 3988 4330 ut

993 4325 1098 4410 nee
1140 4345 1213 4406 T.
1254 4375 1339 4389 —
1381 4339 1610 4425 eorum]
1657 4344 1926 4425 ipsorum
1968 4349 2046 4412 R.
2531 4344 2598 4405 in
2615 4350 2903 4424 perpetuo
2930 4343 2979 4404 F
3009 4313 3075 4404 ἑῑ
3102 4359 3268 4405 corr.
3301 4342 3379 4404 A.
3414 4373 3496 4388 —-
3516 4339 3686 4404 nobie
3706 4358 3834 4404 om.
3862 4344 3988 4406 AT.

1079 4450 1139 4512 5.
1183 4447 1332 4510 locis
1371 4447 1553 4509 certis
1596 4447 1860 4528 (omisso
1911 4446 2002 4531 in)
2050 4450 2231 4524 PFR,
2278 4452 2459 4516 certis
2617 4449 2720 4510 26.
2768 4447 2947 4508 sicuti
2975 4446 3146 4508 PAF.
3180 4480 3263 4493 —
3305 4445 3396 4508 nil
3421 4447 3545 4509 FT.
3583 4477 3658 4491 —
3702 4445 3829 4509 illis
3857 4464 3986 4511 om.

994 4552 1141 4616 locis
1183 4552 1232 4613 T
1253 4597 1270 4624 ,
1313 4551 1382 4613 in
1423 4551 1572 4612 locis
1614 4553 1791 4613 certis
1831 4552 1903 4614 B.
2534 4551 2857 4614 PABFRT.
2888 4582 2971 4597 —
3014 4567 3185 4612 cerae
3227 4552 3301 4614 R.

1076 4657 1141 4718 7.
1190 4648 1566 4735 constituere]
1614 4655 1908 4718 continere
1938 4657 2016 4730 P,
2062 4658 2360 4722 contineri
2376 4659 2448 4721 T.
2614 4655 2719 4717 27.
2774 4655 2858 4717 Et
2902 4672 3029 4718 om.
3064 4655 3138 4718 R.
3181 4686 3263 4701 —
3306 4653 3574 4716 locorum
3611 4670 3861 4717 numero
3904 4655 3978 4718 R.

1002 4815 1010 4826 .
1075 4758 1140 4822 8.
1188 4757 1525 4818 dictitatum
1565 4757 1616 4818 B
1637 4801 1653 4830 ,
1696 4757 1917 4820 dictum
1962 4763 2035 4824 R.
2615 4759 2720 4821 28.
2790 4759 3063 4840 quintum
3146 4775 3425 4839 quemque
3494 4755 3697 4835 placet
3778 4757 3984 4820 notari

1075 4862 1138 4927 9.
1183 4854 1297 4943 ita]
1326 4859 1469 4923 item
1485 4861 1542 4922 A
1563 4866 1629 4923 et
1650 4878 1816 4925 corr.
1836 4861 1908 4924 P.
1935 4895 2020 4912 —
2048 4862 2448 4950 μνημονικοὶ]
2528 4863 2812 4938 PABFR,
2858 4863 3130 4946 quintum
3139 4862 3342 4945 placet
3369 4877 3650 4944 quemque
3676 4860 3882 4925 notari
3903 4861 3976 4922 T.
