<?xml version="1.0" encoding="UTF-8"?>
<!DOCTYPE html PUBLIC "-//W3C//DTD XHTML 1.0 Transitional//EN"
    "http://www.w3.org/TR/xhtml1/DTD/xhtml1-transitional.dtd">
<html xmlns="http://www.w3.org/1999/xhtml" xml:lang="en" lang="en">
 <head>
  <title>
</title>
<meta http-equiv="Content-Type" content="text/html;charset=utf-8" />
  <meta name='ocr-system' content='tesseract 3.04.00' />
  <meta name='ocr-capabilities' content='ocr_page ocr_carea ocr_par ocr_line ocrx_word'/>
</head>
<body>
  <div class='ocr_page' id='page_1' title='image "./varietaslection00baitgoog_0045.png"; bbox 0 0 4620 5864; ppageno 0'>
   <div class='ocr_carea' id='block_1_1' title="bbox 1343 628 2766 696">
    <p class='ocr_par' dir='ltr' id='par_1_1' title="bbox 1343 628 2766 696">
     <span class='ocr_line' id='line_1_1' title="bbox 1343 628 2766 696; baseline -0.003 0"><span class='ocrx_word' id='word_1_1' title='bbox 1343 631 1847 696; x_wconf 75' lang='lat' dir='ltr'><strong>ADHERENN.</strong></span> <span class='ocrx_word' id='word_1_2' title='bbox 1937 630 2092 694; x_wconf 91' lang='lat' dir='ltr'><strong>LIB.</strong></span> <span class='ocrx_word' id='word_1_3' title='bbox 2141 630 2246 694; x_wconf 89' lang='lat' dir='ltr'><strong><em>IV.</em></strong></span> <span class='ocrx_word' id='word_1_4' title='bbox 2341 629 2513 694; x_wconf 88' lang='lat' dir='ltr'><strong>CAP.</strong></span> <span class='ocrx_word' id='word_1_5' title='bbox 2559 628 2766 695; x_wconf 73' lang='grc'><strong><em>4-7,</em></strong></span> 
     </span>
    </p>
   </div>
   <div class='ocr_carea' id='block_1_2' title="bbox 662 832 1909 1226">
    <p class='ocr_par' dir='ltr' id='par_1_2' title="bbox 662 832 1909 1226">
     <span class='ocr_line' id='line_1_2' title="bbox 662 832 1813 915; baseline -0.002 -16"><span class='ocrx_word' id='word_1_6' title='bbox 662 836 768 900; x_wconf 98' lang='grc'><strong>28.</strong></span> <span class='ocrx_word' id='word_1_7' title='bbox 814 833 1156 915; x_wconf 74' lang='lat' dir='ltr'><strong><em>sumpsisset</em></strong></span> <span class='ocrx_word' id='word_1_8' title='bbox 1197 832 1323 894; x_wconf 90' lang='lat' dir='ltr'><strong><em>AF.</em></strong></span> <span class='ocrx_word' id='word_1_9' title='bbox 1358 865 1441 878; x_wconf 92' lang='lat'><em>-</em></span> <span class='ocrx_word' id='word_1_10' title='bbox 1469 833 1707 914; x_wconf 73' lang='lat' dir='ltr'><strong><em>siynum</em></strong></span> <span class='ocrx_word' id='word_1_11' title='bbox 1747 833 1813 897; x_wconf 80' lang='lat' dir='ltr'><strong><em>F.</em></strong></span> 
     </span>
     <span class='ocr_line' id='line_1_3' title="bbox 665 933 1859 1019; baseline -0.005 -16"><span class='ocrx_word' id='word_1_12' title='bbox 665 942 765 1003; x_wconf 84' lang='grc'><strong>30.</strong></span> <span class='ocrx_word' id='word_1_13' title='bbox 808 939 1168 1019; x_wconf 79' lang='lat' dir='ltr'><strong><em>protulerint</em></strong></span> <span class='ocrx_word' id='word_1_14' title='bbox 1209 938 1283 1000; x_wconf 83' lang='lat' dir='ltr'><strong><em>A.</em></strong></span> <span class='ocrx_word' id='word_1_15' title='bbox 1377 938 1483 999; x_wconf 82' lang='lat'><strong>31.-</strong></span> <span class='ocrx_word' id='word_1_16' title='bbox 1530 933 1603 1019; x_wconf 86' lang='lat' dir='ltr'><strong><em>et]</em></strong></span> <span class='ocrx_word' id='word_1_17' title='bbox 1648 937 1747 998; x_wconf 81' lang='lat' dir='ltr'><strong><em>uel</em></strong></span> <span class='ocrx_word' id='word_1_18' title='bbox 1786 939 1859 1000; x_wconf 80' lang='lat' dir='ltr'><strong><em>R.</em></strong></span> 
     </span>
     <span class='ocr_line' id='line_1_4' title="bbox 663 1038 1909 1107; baseline -0.004 -1"><span class='ocrx_word' id='word_1_19' title='bbox 663 1038 764 1106; x_wconf 70' lang='lat'><strong><em>32:</em></strong></span> <span class='ocrx_word' id='word_1_20' title='bbox 808 1043 1233 1107; x_wconf 76' lang='lat' dir='ltr'><strong><em>demonstrare.</em></strong></span> <span class='ocrx_word' id='word_1_21' title='bbox 1276 1059 1397 1103; x_wconf 75' lang='lat' dir='ltr'><strong><em>non</em></strong></span> <span class='ocrx_word' id='word_1_22' title='bbox 1439 1040 1594 1102; x_wconf 76' lang='lat' dir='ltr'><strong><em>nihil</em></strong></span> <span class='ocrx_word' id='word_1_23' title='bbox 1635 1059 1800 1105; x_wconf 83' lang='lat' dir='ltr'><strong>corr.</strong></span> <span class='ocrx_word' id='word_1_24' title='bbox 1838 1039 1909 1101; x_wconf 91' lang='lat' dir='ltr'><strong><em>P.</em></strong></span> 
     </span>
     <span class='ocr_line' id='line_1_5' title="bbox 663 1146 1752 1226; baseline -0.003 -16"><span class='ocrx_word' id='word_1_25' title='bbox 663 1149 766 1210; x_wconf 88' lang='grc'><strong><em>33.</em></strong></span> <span class='ocrx_word' id='word_1_26' title='bbox 813 1165 971 1209; x_wconf 74' lang='lat' dir='ltr'><strong><em>unus</em></strong></span> <span class='ocrx_word' id='word_1_27' title='bbox 1012 1164 1137 1208; x_wconf 88' lang='lat' dir='ltr'><strong>om.</strong></span> <span class='ocrx_word' id='word_1_28' title='bbox 1180 1146 1251 1206; x_wconf 90' lang='lat' dir='ltr'><strong><em>F.</em></strong></span> <span class='ocrx_word' id='word_1_29' title='bbox 1285 1146 1609 1226; x_wconf 77' lang='lat' dir='ltr'><strong><em>—poterit</em></strong></span> <span class='ocrx_word' id='word_1_30' title='bbox 1630 1146 1752 1207; x_wconf 87' lang='lat' dir='ltr'><strong><em>AF.</em></strong></span> 
     </span>
    </p>
   </div>
   <div class='ocr_carea' id='block_1_3' title="bbox 3445 630 3548 701">
    <p class='ocr_par' dir='ltr' id='par_1_3' title="bbox 3445 630 3548 701">
     <span class='ocr_line' id='line_1_6' title="bbox 3445 630 3548 701; baseline 0 0"><span class='ocrx_word' id='word_1_31' title='bbox 3445 630 3548 701; x_wconf 87' lang='grc'><strong><em>41</em></strong></span> 
     </span>
    </p>
   </div>
   <div class='ocr_carea' id='block_1_4' title="bbox 2192 828 2988 892">
    <p class='ocr_par' dir='ltr' id='par_1_4' title="bbox 2192 828 2988 892">
     <span class='ocr_line' id='line_1_7' title="bbox 2192 828 2988 892; baseline 0.004 -3"><span class='ocrx_word' id='word_1_32' title='bbox 2192 829 2292 892; x_wconf 81' lang='lat'><strong><em>15.</em></strong></span> <span class='ocrx_word' id='word_1_33' title='bbox 2342 848 2534 892; x_wconf 79' lang='lat' dir='ltr'><strong><em>nonne</em></strong></span> <span class='ocrx_word' id='word_1_34' title='bbox 2575 828 2871 892; x_wconf 82' lang='lat' dir='ltr'><strong><em>irridetur</em></strong></span> <span class='ocrx_word' id='word_1_35' title='bbox 2916 832 2988 892; x_wconf 87' lang='lat' dir='ltr'><strong><em>R.</em></strong></span> 
     </span>
    </p>
   </div>
   <div class='ocr_carea' id='block_1_5' title="bbox 2193 933 3558 1220">
    <p class='ocr_par' dir='ltr' id='par_1_5' title="bbox 2193 933 3558 1220">
     <span class='ocr_line' id='line_1_8' title="bbox 2194 933 3079 1014; baseline -0.003 -18"><span class='ocrx_word' id='word_1_36' title='bbox 2194 936 2289 997; x_wconf 84' lang='lat'><strong><em>16.</em></strong></span> <span class='ocrx_word' id='word_1_37' title='bbox 2335 955 2395 996; x_wconf 82' lang='lat' dir='ltr'><strong><em>se</em></strong></span> <span class='ocrx_word' id='word_1_38' title='bbox 2439 941 2583 997; x_wconf 84' lang='lat' dir='ltr'><strong><em>ante</em></strong></span> <span class='ocrx_word' id='word_1_39' title='bbox 2626 934 2788 1014; x_wconf 77' lang='lat' dir='ltr'><strong><em>ipsos</em></strong></span> <span class='ocrx_word' id='word_1_40' title='bbox 2830 950 2956 996; x_wconf 88' lang='lat' dir='ltr'><strong>om.</strong></span> <span class='ocrx_word' id='word_1_41' title='bbox 3006 933 3079 993; x_wconf 88' lang='lat' dir='ltr'><strong><em>R.</em></strong></span> 
     </span>
     <span class='ocr_line' id='line_1_9' title="bbox 2193 1034 3558 1120; baseline -0.001 -20"><span class='ocrx_word' id='word_1_42' title='bbox 2193 1040 2291 1105; x_wconf 90' lang='grc'><strong><em>17.</em></strong></span> <span class='ocrx_word' id='word_1_43' title='bbox 2331 1034 2483 1120; x_wconf 81' lang='grc' dir='ltr'><em>[ονε]</em></span> <span class='ocrx_word' id='word_1_44' title='bbox 2526 1039 2683 1119; x_wconf 81' lang='lat' dir='ltr'><strong><em>sorte</em></strong></span> <span class='ocrx_word' id='word_1_45' title='bbox 2721 1041 2792 1100; x_wconf 92' lang='lat' dir='ltr'><strong><em>T.</em></strong></span> <span class='ocrx_word' id='word_1_46' title='bbox 3553 1076 3558 1081; x_wconf 97' lang='lat'>-</span> 
     </span>
     <span class='ocr_line' id='line_1_10' title="bbox 2195 1139 3557 1220; baseline -0.001 -16"><span class='ocrx_word' id='word_1_47' title='bbox 2195 1143 2290 1205; x_wconf 85' lang='grc'><strong><em>18.</em></strong></span> <span class='ocrx_word' id='word_1_48' title='bbox 2336 1142 2479 1203; x_wconf 74' lang='lat' dir='ltr'><strong><em>aliis</em></strong></span> <span class='ocrx_word' id='word_1_49' title='bbox 2522 1161 2648 1204; x_wconf 91' lang='lat' dir='ltr'><strong>om.</strong></span> <span class='ocrx_word' id='word_1_50' title='bbox 2697 1142 2977 1206; x_wconf 90' lang='lat' dir='ltr'><strong>PABRT.</strong></span> <span class='ocrx_word' id='word_1_51' title='bbox 3009 1139 3241 1220; x_wconf 79' lang='lat' dir='ltr'><strong><em>—ipsi</em></strong></span> <span class='ocrx_word' id='word_1_52' title='bbox 3282 1149 3557 1203; x_wconf 77' lang='lat' dir='ltr'><strong><em>arescant</em></strong></span> 
     </span>
    </p>
   </div>
   <div class='ocr_carea' id='block_1_6' title="bbox 664 1241 2605 1330">
    <p class='ocr_par' dir='ltr' id='par_1_6' title="bbox 664 1241 2605 1330">
     <span class='ocr_line' id='line_1_11' title="bbox 664 1241 2605 1330; baseline -0.005 -15"><span class='ocrx_word' id='word_1_53' title='bbox 664 1252 767 1315; x_wconf 66' lang='lat'><strong><em>34.</em></strong></span> <span class='ocrx_word' id='word_1_54' title='bbox 822 1250 982 1327; x_wconf 74' lang='lat' dir='ltr'><strong><em>Quid</em></strong></span> <span class='ocrx_word' id='word_1_55' title='bbox 1010 1244 1230 1313; x_wconf 52' lang='lat'>1²13—</span> <span class='ocrx_word' id='word_1_56' title='bbox 1257 1245 1482 1330; x_wconf 78' lang='lat' dir='ltr'><strong><em>eorum]</em></strong></span> <span class='ocrx_word' id='word_1_57' title='bbox 1517 1250 1733 1311; x_wconf 76' lang='lat' dir='ltr'><strong><em>horum</em></strong></span> <span class='ocrx_word' id='word_1_58' title='bbox 1754 1248 2026 1312; x_wconf 84' lang='lat' dir='ltr'><strong>PAFRT.</strong></span> <span class='ocrx_word' id='word_1_59' title='bbox 2107 1248 2179 1308; x_wconf 91' lang='lat' dir='ltr'><strong><em>T.</em></strong></span> <span class='ocrx_word' id='word_1_60' title='bbox 2208 1278 2291 1291; x_wconf 89' lang='lat'><strong>—</strong></span> <span class='ocrx_word' id='word_1_61' title='bbox 2314 1241 2372 1326; x_wconf 88' lang='lat' dir='ltr'><strong><em>a]</em></strong></span> <span class='ocrx_word' id='word_1_62' title='bbox 2421 1245 2494 1306; x_wconf 83' lang='lat' dir='ltr'><strong><em>ab</em></strong></span> <span class='ocrx_word' id='word_1_63' title='bbox 2539 1246 2605 1306; x_wconf 92' lang='lat' dir='ltr'><strong><em>P.</em></strong></span> 
     </span>
    </p>
   </div>
   <div class='ocr_carea' id='block_1_7' title="bbox 576 1348 2044 4758">
    <p class='ocr_par' dir='ltr' id='par_1_7' title="bbox 578 1348 2027 1539">
     <span class='ocr_line' id='line_1_12' title="bbox 578 1348 2027 1434; baseline -0.002 -19"><span class='ocrx_word' id='word_1_64' title='bbox 578 1380 662 1402; x_wconf 57' lang='grc' dir='ltr'><strong><em>-ι-</em></strong></span> <span class='ocrx_word' id='word_1_65' title='bbox 692 1348 1053 1434; x_wconf 74' lang='lat' dir='ltr'><strong><em>improbant]</em></strong></span> <span class='ocrx_word' id='word_1_66' title='bbox 1095 1353 1365 1433; x_wconf 77' lang='lat' dir='ltr'><strong><em>probent·</em></strong></span> <span class='ocrx_word' id='word_1_67' title='bbox 1401 1355 1446 1416; x_wconf 94' lang='lat' dir='ltr'><strong>P</strong></span> <span class='ocrx_word' id='word_1_68' title='bbox 1465 1400 1482 1426; x_wconf 89' lang='lat'><strong>,</strong></span> <span class='ocrx_word' id='word_1_69' title='bbox 1533 1353 1850 1434; x_wconf 74' lang='lat' dir='ltr'><strong><em>prohibent</em></strong></span> <span class='ocrx_word' id='word_1_70' title='bbox 1906 1352 2027 1422; x_wconf 86' lang='lat' dir='ltr'><strong><em>AF,</em></strong></span> 
     </span>
     <span class='ocr_line' id='line_1_13' title="bbox 579 1455 1059 1539; baseline -0.004 -20"><span class='ocrx_word' id='word_1_71' title='bbox 579 1455 909 1539; x_wconf 68' lang='lat' dir='ltr'><strong><em>improbent</em></strong></span> <span class='ocrx_word' id='word_1_72' title='bbox 936 1459 1059 1518; x_wconf 83' lang='lat' dir='ltr'><strong><em>BR.</em></strong></span> 
     </span>
    </p>

    <p class='ocr_par' dir='ltr' id='par_1_8' title="bbox 582 1557 2037 1848">
     <span class='ocr_line' id='line_1_14' title="bbox 667 1557 2037 1631; baseline -0.004 -8"><span class='ocrx_word' id='word_1_73' title='bbox 667 1562 770 1623; x_wconf 87' lang='lat'><strong>35.</strong></span> <span class='ocrx_word' id='word_1_74' title='bbox 818 1559 884 1621; x_wconf 78' lang='lat' dir='ltr'><strong><em>id</em></strong></span> <span class='ocrx_word' id='word_1_75' title='bbox 924 1558 1249 1621; x_wconf 80' lang='lat' dir='ltr'><strong><em>ridiculum</em></strong></span> <span class='ocrx_word' id='word_1_76' title='bbox 1289 1578 1413 1622; x_wconf 79' lang='lat' dir='ltr'><strong><em>non</em></strong></span> <span class='ocrx_word' id='word_1_77' title='bbox 1452 1568 1537 1622; x_wconf 75' lang='lat' dir='ltr'><strong><em>est</em></strong></span> <span class='ocrx_word' id='word_1_78' title='bbox 1593 1561 1676 1631; x_wconf 88' lang='lat' dir='ltr'><strong><em>B,</em></strong></span> <span class='ocrx_word' id='word_1_79' title='bbox 1732 1559 1797 1622; x_wconf 83' lang='lat' dir='ltr'><strong><em>id</em></strong></span> <span class='ocrx_word' id='word_1_80' title='bbox 1835 1557 2037 1620; x_wconf 75' lang='lat' dir='ltr'><strong><em>nostri</em></strong></span> 
     </span>
     <span class='ocr_line' id='line_1_15' title="bbox 583 1661 2032 1744; baseline -0.001 -19"><span class='ocrx_word' id='word_1_81' title='bbox 583 1663 906 1725; x_wconf 77' lang='lat' dir='ltr'><strong><em>ridiculum</em></strong></span> <span class='ocrx_word' id='word_1_82' title='bbox 947 1671 1034 1725; x_wconf 74' lang='lat' dir='ltr'><strong><em>est</em></strong></span> <span class='ocrx_word' id='word_1_83' title='bbox 1074 1665 1142 1727; x_wconf 88' lang='lat' dir='ltr'><strong>T.</strong></span> <span class='ocrx_word' id='word_1_84' title='bbox 1171 1696 1252 1709; x_wconf 91' lang='lat'><strong><em>—-</em></strong></span> <span class='ocrx_word' id='word_1_85' title='bbox 1274 1665 1433 1725; x_wconf 72' lang='lat' dir='ltr'><strong><em>artis</em></strong></span> <span class='ocrx_word' id='word_1_86' title='bbox 1459 1661 1811 1744; x_wconf 72' lang='lat' dir='ltr'><strong><em>scriptorem</em></strong></span> <span class='ocrx_word' id='word_1_87' title='bbox 1839 1663 1912 1724; x_wconf 89' lang='lat' dir='ltr'><strong><em>B.</em></strong></span> <span class='ocrx_word' id='word_1_88' title='bbox 1951 1696 2032 1709; x_wconf 92' lang='lat'><strong>—</strong></span> 
     </span>
     <span class='ocr_line' id='line_1_16' title="bbox 582 1767 1704 1848; baseline 0 -20"><span class='ocrx_word' id='word_1_89' title='bbox 582 1767 805 1829; x_wconf 71' lang='lat' dir='ltr'><strong><em>iudicio</em></strong></span> <span class='ocrx_word' id='word_1_90' title='bbox 844 1784 966 1828; x_wconf 75' lang='lat' dir='ltr'><strong><em>non</em></strong></span> <span class='ocrx_word' id='word_1_91' title='bbox 1008 1768 1390 1848; x_wconf 81' lang='lat' dir='ltr'><strong><em>comprobare</em></strong></span> <span class='ocrx_word' id='word_1_92' title='bbox 1432 1784 1597 1830; x_wconf 78' lang='lat' dir='ltr'><strong>corr.</strong></span> <span class='ocrx_word' id='word_1_93' title='bbox 1634 1767 1704 1828; x_wconf 92' lang='lat' dir='ltr'><strong>P.</strong></span> 
     </span>
    </p>

    <p class='ocr_par' dir='ltr' id='par_1_9' title="bbox 585 1870 2036 2037">
     <span class='ocr_line' id='line_1_17' title="bbox 669 1870 2036 1952; baseline -0.001 -19"><span class='ocrx_word' id='word_1_94' title='bbox 669 1871 770 1933; x_wconf 84' lang='lat'><strong><em>36.</em></strong></span> <span class='ocrx_word' id='word_1_95' title='bbox 813 1870 1097 1934; x_wconf 71' lang='lat' dir='ltr'><strong><em>sumenda</em></strong></span> <span class='ocrx_word' id='word_1_96' title='bbox 1137 1871 1210 1933; x_wconf 87' lang='lat' dir='ltr'><strong><em>ab</em></strong></span> <span class='ocrx_word' id='word_1_97' title='bbox 1252 1891 1372 1932; x_wconf 75' lang='lat' dir='ltr'><strong><em>uno</em></strong></span> <span class='ocrx_word' id='word_1_98' title='bbox 1415 1871 1490 1933; x_wconf 83' lang='lat' dir='ltr'><strong><em>A.</em></strong></span> <span class='ocrx_word' id='word_1_99' title='bbox 1518 1906 1594 1919; x_wconf 93' lang='lat'>—</span> <span class='ocrx_word' id='word_1_100' title='bbox 1632 1871 1902 1952; x_wconf 75' lang='lat' dir='ltr'><strong><em>exempla</em></strong></span> <span class='ocrx_word' id='word_1_101' title='bbox 1930 1871 2036 1932; x_wconf 81' lang='lat' dir='ltr'><strong><em>do·</em></strong></span> 
     </span>
     <span class='ocr_line' id='line_1_18' title="bbox 585 1972 1813 2037; baseline 0.002 -1"><span class='ocrx_word' id='word_1_102' title='bbox 585 1975 816 2036; x_wconf 77' lang='lat' dir='ltr'><strong><em>cuimus</em></strong></span> <span class='ocrx_word' id='word_1_103' title='bbox 860 1977 932 2037; x_wconf 90' lang='lat' dir='ltr'><strong><em>R.</em></strong></span> <span class='ocrx_word' id='word_1_104' title='bbox 998 1986 1011 1995; x_wconf 75' lang='grc'><em>“</em></span> <span class='ocrx_word' id='word_1_105' title='bbox 1268 2018 1275 2023; x_wconf 82' lang='grc'>-</span> <span class='ocrx_word' id='word_1_106' title='bbox 1578 1972 1583 1977; x_wconf 81' lang='grc'><strong><em>’</em></strong></span> <span class='ocrx_word' id='word_1_107' title='bbox 1803 2000 1813 2006; x_wconf 84' lang='grc'>·</span> 
     </span>
    </p>

    <p class='ocr_par' dir='ltr' id='par_1_10' title="bbox 579 2075 2038 2348">
     <span class='ocr_line' id='line_1_19' title="bbox 669 2075 2038 2159; baseline 0.001 -20"><span class='ocrx_word' id='word_1_108' title='bbox 669 2078 816 2159; x_wconf 79' lang='lat' dir='ltr'><strong>Pag.</strong></span> <span class='ocrx_word' id='word_1_109' title='bbox 867 2075 971 2140; x_wconf 67' lang='grc'><strong>64.</strong></span> <span class='ocrx_word' id='word_1_110' title='bbox 1039 2096 1100 2138; x_wconf 84' lang='lat' dir='ltr'><strong><em>v.</em></strong></span> <span class='ocrx_word' id='word_1_111' title='bbox 1155 2080 1210 2145; x_wconf 92' lang='lat'><strong><em>1.</em></strong></span> <span class='ocrx_word' id='word_1_112' title='bbox 1295 2079 1531 2141; x_wconf 77' lang='lat' dir='ltr'><strong><em>aliunde</em></strong></span> <span class='ocrx_word' id='word_1_113' title='bbox 1580 2078 1865 2141; x_wconf 77' lang='lat' dir='ltr'><strong><em>sumenda</em></strong></span> <span class='ocrx_word' id='word_1_114' title='bbox 1915 2097 2038 2140; x_wconf 80' lang='lat' dir='ltr'><strong><em>non</em></strong></span> 
     </span>
     <span class='ocr_line' id='line_1_20' title="bbox 579 2179 2036 2265; baseline 0.003 -23"><span class='ocrx_word' id='word_1_115' title='bbox 579 2181 763 2263; x_wconf 74' lang='lat' dir='ltr'><strong><em>fuisse</em></strong></span> <span class='ocrx_word' id='word_1_116' title='bbox 829 2182 917 2243; x_wconf 75' lang='lat' dir='ltr'><strong><em>sic</em></strong></span> <span class='ocrx_word' id='word_1_117' title='bbox 979 2181 1379 2263; x_wconf 78' lang='lat' dir='ltr'><strong><em>intelleqemus</em></strong></span> <span class='ocrx_word' id='word_1_118' title='bbox 1432 2183 1853 2264; x_wconf 76' lang='lat' dir='ltr'><strong><em>(intelliqimus</em></strong></span> <span class='ocrx_word' id='word_1_119' title='bbox 1907 2179 2036 2265; x_wconf 83' lang='lat' dir='ltr'><strong><em>BR)</em></strong></span> 
     </span>
     <span class='ocr_line' id='line_1_21' title="bbox 587 2283 907 2348; baseline 0.003 -3"><span class='ocrx_word' id='word_1_120' title='bbox 587 2283 907 2348; x_wconf 86' lang='lat' dir='ltr'><strong>PABFRT.</strong></span> 
     </span>
    </p>

    <p class='ocr_par' dir='ltr' id='par_1_11' title="bbox 669 2383 1989 2471">
     <span class='ocr_line' id='line_1_22' title="bbox 669 2383 1989 2471; baseline 0.002 -22"><span class='ocrx_word' id='word_1_121' title='bbox 669 2389 732 2450; x_wconf 87' lang='grc'><strong>2.</strong></span> <span class='ocrx_word' id='word_1_122' title='bbox 777 2383 1050 2469; x_wconf 65' lang='lat' dir='ltr'><strong><em>affertud</em></strong></span> <span class='ocrx_word' id='word_1_123' title='bbox 1094 2389 1405 2469; x_wconf 79' lang='lat' dir='ltr'><strong><em>profertur</em></strong></span> <span class='ocrx_word' id='word_1_124' title='bbox 1446 2391 1520 2462; x_wconf 92' lang='lat' dir='ltr'><strong><em>B,</em></strong></span> <span class='ocrx_word' id='word_1_125' title='bbox 1551 2391 1875 2471; x_wconf 79' lang='lat' dir='ltr'><strong><em>proferunt</em></strong></span> <span class='ocrx_word' id='word_1_126' title='bbox 1915 2393 1989 2454; x_wconf 89' lang='lat' dir='ltr'><strong>R.</strong></span> 
     </span>
    </p>

    <p class='ocr_par' dir='ltr' id='par_1_12' title="bbox 576 2491 2041 2886">
     <span class='ocr_line' id='line_1_23' title="bbox 668 2491 2041 2574; baseline 0.001 -19"><span class='ocrx_word' id='word_1_127' title='bbox 668 2494 732 2555; x_wconf 85' lang='grc'><strong>3.</strong></span> <span class='ocrx_word' id='word_1_128' title='bbox 778 2491 1116 2572; x_wconf 74' lang='lat' dir='ltr'><strong><em>exemplum</em></strong></span> <span class='ocrx_word' id='word_1_129' title='bbox 1140 2492 1210 2562; x_wconf 82' lang='lat' dir='ltr'><strong><em>de</em></strong></span> <span class='ocrx_word' id='word_1_130' title='bbox 1236 2494 1654 2574; x_wconf 65' lang='lat' dir='ltr'><strong><em>eius2artifieio</em></strong></span> <span class='ocrx_word' id='word_1_131' title='bbox 1675 2494 1793 2566; x_wconf 87' lang='lat' dir='ltr'><strong><em>PR,</em></strong></span> <span class='ocrx_word' id='word_1_132' title='bbox 1840 2512 2041 2556; x_wconf 76' lang='lat' dir='ltr'><strong><em>exem-</em></strong></span> 
     </span>
     <span class='ocr_line' id='line_1_24' title="bbox 576 2595 2040 2677; baseline 0.002 -20"><span class='ocrx_word' id='word_1_133' title='bbox 576 2595 748 2677; x_wconf 87' lang='lat' dir='ltr'><strong><em>plum</em></strong></span> <span class='ocrx_word' id='word_1_134' title='bbox 790 2597 917 2658; x_wconf 74' lang='lat' dir='ltr'><strong><em>eius</em></strong></span> <span class='ocrx_word' id='word_1_135' title='bbox 959 2595 1207 2675; x_wconf 74' lang='lat' dir='ltr'><strong><em>artificii</em></strong></span> <span class='ocrx_word' id='word_1_136' title='bbox 1247 2597 1327 2669; x_wconf 90' lang='lat' dir='ltr'><strong><em>B,</em></strong></span> <span class='ocrx_word' id='word_1_137' title='bbox 1391 2597 1725 2677; x_wconf 76' lang='lat' dir='ltr'><strong><em>exemplum</em></strong></span> <span class='ocrx_word' id='word_1_138' title='bbox 1780 2597 2040 2660; x_wconf 68' lang='lat' dir='ltr'><strong><em>eiusdem</em></strong></span> 
     </span>
     <span class='ocr_line' id='line_1_25' title="bbox 586 2700 2041 2786; baseline 0.001 -24"><span class='ocrx_word' id='word_1_139' title='bbox 586 2700 846 2781; x_wconf 80' lang='lat' dir='ltr'><strong><em>artificio</em></strong></span> <span class='ocrx_word' id='word_1_140' title='bbox 884 2700 956 2762; x_wconf 92' lang='lat' dir='ltr'><strong>T.</strong></span> <span class='ocrx_word' id='word_1_141' title='bbox 985 2732 1069 2745; x_wconf 87' lang='lat'><strong><em>-·</em></strong></span> <span class='ocrx_word' id='word_1_142' title='bbox 1088 2716 1209 2760; x_wconf 75' lang='lat' dir='ltr'><strong><em>non</em></strong></span> <span class='ocrx_word' id='word_1_143' title='bbox 1238 2718 1363 2763; x_wconf 88' lang='lat' dir='ltr'><strong>om.</strong></span> <span class='ocrx_word' id='word_1_144' title='bbox 1403 2701 1573 2769; x_wconf 88' lang='lat' dir='ltr'><strong>PAF.</strong></span> <span class='ocrx_word' id='word_1_145' title='bbox 1618 2700 1850 2786; x_wconf 83' lang='lat' dir='ltr'><strong><em>(Supra</em></strong></span> <span class='ocrx_word' id='word_1_146' title='bbox 1881 2721 1946 2765; x_wconf 72' lang='lat' dir='ltr'><strong><em>v.</em></strong></span> <span class='ocrx_word' id='word_1_147' title='bbox 1973 2710 2041 2763; x_wconf 83' lang='lat' dir='ltr'><strong><em>ut</em></strong></span> 
     </span>
     <span class='ocr_line' id='line_1_26' title="bbox 588 2799 1450 2886; baseline -0.002 -21"><span class='ocrx_word' id='word_1_148' title='bbox 588 2801 779 2865; x_wconf 83' lang='lat' dir='ltr'><strong><em>babet</em></strong></span> <span class='ocrx_word' id='word_1_149' title='bbox 816 2821 962 2865; x_wconf 82' lang='lat' dir='ltr'><strong><em>nam</em></strong></span> <span class='ocrx_word' id='word_1_150' title='bbox 1003 2820 1094 2867; x_wconf 81' lang='lat' dir='ltr'><strong>rc.</strong></span> <span class='ocrx_word' id='word_1_151' title='bbox 1143 2821 1308 2866; x_wconf 86' lang='lat' dir='ltr'><strong>corr.</strong></span> <span class='ocrx_word' id='word_1_152' title='bbox 1356 2799 1450 2886; x_wconf 91' lang='lat' dir='ltr'><strong><em>P.)</em></strong></span> 
     </span>
    </p>

    <p class='ocr_par' dir='ltr' id='par_1_13' title="bbox 588 2905 2044 3196">
     <span class='ocr_line' id='line_1_27' title="bbox 672 2905 2044 2993; baseline 0.001 -23"><span class='ocrx_word' id='word_1_153' title='bbox 672 2909 736 2970; x_wconf 90' lang='lat'><strong><em>5.</em></strong></span> <span class='ocrx_word' id='word_1_154' title='bbox 782 2906 1003 2989; x_wconf 79' lang='lat' dir='ltr'><strong><em>roqabo</em></strong></span> <span class='ocrx_word' id='word_1_155' title='bbox 1045 2906 1282 2988; x_wconf 65' lang='lat' dir='ltr'><strong><em>aliunde</em></strong></span> <span class='ocrx_word' id='word_1_156' title='bbox 1323 2909 1395 2971; x_wconf 91' lang='lat' dir='ltr'><strong><em>B.</em></strong></span> <span class='ocrx_word' id='word_1_157' title='bbox 1428 2941 1511 2954; x_wconf 89' lang='lat'><strong>—</strong></span> <span class='ocrx_word' id='word_1_158' title='bbox 1530 2908 1643 2971; x_wconf 79' lang='lat' dir='ltr'><strong><em>tibi</em></strong></span> <span class='ocrx_word' id='word_1_159' title='bbox 1683 2905 1858 2993; x_wconf 81' lang='lat' dir='ltr'><strong><em>quod]</em></strong></span> <span class='ocrx_word' id='word_1_160' title='bbox 1906 2908 2044 2972; x_wconf 77' lang='lat' dir='ltr'><strong><em>tibi-</em></strong></span> 
     </span>
     <span class='ocr_line' id='line_1_28' title="bbox 588 3011 2039 3099; baseline 0.005 -26"><span class='ocrx_word' id='word_1_161' title='bbox 588 3027 698 3092; x_wconf 80' lang='lat' dir='ltr'><strong><em>que</em></strong></span> <span class='ocrx_word' id='word_1_162' title='bbox 738 3011 1019 3075; x_wconf 87' lang='lat' dir='ltr'><strong>ABFRT.</strong></span> <span class='ocrx_word' id='word_1_163' title='bbox 1046 3046 1131 3061; x_wconf 92' lang='lat'><em>-</em></span> <span class='ocrx_word' id='word_1_164' title='bbox 1152 3031 1406 3077; x_wconf 85' lang='lat' dir='ltr'><strong><em>mercem</em></strong></span> <span class='ocrx_word' id='word_1_165' title='bbox 1425 3015 1631 3078; x_wconf 83' lang='lat' dir='ltr'><strong>ABER</strong></span> <span class='ocrx_word' id='word_1_166' title='bbox 1654 3020 1717 3077; x_wconf 84' lang='lat' dir='ltr'><strong><em>et</em></strong></span> <span class='ocrx_word' id='word_1_167' title='bbox 1742 3033 1841 3099; x_wconf 90' lang='lat' dir='ltr'><strong><em>pr.</em></strong></span> <span class='ocrx_word' id='word_1_168' title='bbox 1869 3013 1937 3080; x_wconf 94' lang='lat' dir='ltr'><strong>P.</strong></span> <span class='ocrx_word' id='word_1_169' title='bbox 1957 3048 2039 3061; x_wconf 95' lang='lat'>-</span> 
     </span>
     <span class='ocr_line' id='line_1_29' title="bbox 589 3115 957 3196; baseline 0 -18"><span class='ocrx_word' id='word_1_170' title='bbox 589 3115 694 3196; x_wconf 71' lang='lat' dir='ltr'><strong><em>qui</em></strong></span> <span class='ocrx_word' id='word_1_171' title='bbox 719 3133 847 3178; x_wconf 88' lang='lat' dir='ltr'><strong>om.</strong></span> <span class='ocrx_word' id='word_1_172' title='bbox 882 3117 957 3178; x_wconf 92' lang='lat' dir='ltr'><strong><em>A.</em></strong></span> 
     </span>
    </p>

    <p class='ocr_par' dir='ltr' id='par_1_14' title="bbox 673 3220 2039 3307">
     <span class='ocr_line' id='line_1_30' title="bbox 673 3220 2039 3307; baseline 0.004 -26"><span class='ocrx_word' id='word_1_173' title='bbox 673 3220 860 3282; x_wconf 86' lang='grc'><strong>6-7.</strong></span> <span class='ocrx_word' id='word_1_174' title='bbox 888 3222 1219 3302; x_wconf 79' lang='lat' dir='ltr'><strong><em>quaeritent</em></strong></span> <span class='ocrx_word' id='word_1_175' title='bbox 1236 3256 1267 3268; x_wconf 95' lang='lat'>-</span> <span class='ocrx_word' id='word_1_176' title='bbox 1279 3254 1311 3267; x_wconf 90' lang='lat'>-</span> <span class='ocrx_word' id='word_1_177' title='bbox 1328 3256 1359 3269; x_wconf 94' lang='lat'><em>-</em></span> <span class='ocrx_word' id='word_1_178' title='bbox 1377 3223 1710 3306; x_wconf 80' lang='lat' dir='ltr'><strong><em>exemplum</em></strong></span> <span class='ocrx_word' id='word_1_179' title='bbox 1719 3241 1844 3287; x_wconf 88' lang='lat' dir='ltr'><strong>om.</strong></span> <span class='ocrx_word' id='word_1_180' title='bbox 1858 3242 1955 3307; x_wconf 86' lang='lat' dir='ltr'><strong><em>pr.</em></strong></span> <span class='ocrx_word' id='word_1_181' title='bbox 1972 3224 2039 3287; x_wconf 87' lang='lat' dir='ltr'><strong><em>F.</em></strong></span> 
     </span>
    </p>

    <p class='ocr_par' dir='ltr' id='par_1_15' title="bbox 590 3324 2043 4012">
     <span class='ocr_line' id='line_1_31' title="bbox 642 3324 2042 3411; baseline 0.003 -25"><span class='ocrx_word' id='word_1_182' title='bbox 642 3324 736 3386; x_wconf 77' lang='lat'><strong><em>⁷6.</em></strong></span> <span class='ocrx_word' id='word_1_183' title='bbox 786 3325 1062 3405; x_wconf 74' lang='lat' dir='ltr'><strong><em>exempla</em></strong></span> <span class='ocrx_word' id='word_1_184' title='bbox 1104 3345 1268 3390; x_wconf 88' lang='lat' dir='ltr'><strong>corr.</strong></span> <span class='ocrx_word' id='word_1_185' title='bbox 1318 3349 1408 3390; x_wconf 87' lang='lat' dir='ltr'><strong>rc.</strong></span> <span class='ocrx_word' id='word_1_186' title='bbox 1457 3327 1526 3389; x_wconf 91' lang='lat' dir='ltr'><strong>P.</strong></span> <span class='ocrx_word' id='word_1_187' title='bbox 1573 3363 1657 3375; x_wconf 93' lang='lat'>—</span> <span class='ocrx_word' id='word_1_188' title='bbox 1701 3329 2042 3411; x_wconf 77' lang='lat' dir='ltr'><strong><em>quaeritant</em></strong></span> 
     </span>
     <span class='ocr_line' id='line_1_32' title="bbox 590 3427 2043 3515; baseline 0.003 -27"><span class='ocrx_word' id='word_1_189' title='bbox 590 3427 920 3491; x_wconf 84' lang='lat' dir='ltr'><strong>PABFRT.</strong></span> <span class='ocrx_word' id='word_1_190' title='bbox 951 3461 1030 3477; x_wconf 91' lang='lat'><strong><em>--</em></strong></span> <span class='ocrx_word' id='word_1_191' title='bbox 1053 3440 1159 3492; x_wconf 83' lang='lat' dir='ltr'><strong><em>aut</em></strong></span> <span class='ocrx_word' id='word_1_192' title='bbox 1200 3432 1267 3493; x_wconf 73' lang='lat' dir='ltr'><strong><em>in</em></strong></span> <span class='ocrx_word' id='word_1_193' title='bbox 1308 3433 1472 3494; x_wconf 73' lang='lat' dir='ltr'><strong><em>areis</em></strong></span> <span class='ocrx_word' id='word_1_194' title='bbox 1498 3429 1760 3515; x_wconf 76' lang='lat' dir='ltr'><strong><em>acervos]</em></strong></span> <span class='ocrx_word' id='word_1_195' title='bbox 1794 3451 2043 3495; x_wconf 75' lang='lat' dir='ltr'><strong><em>aceruos</em></strong></span> 
     </span>
     <span class='ocr_line' id='line_1_33' title="bbox 593 3527 2043 3612; baseline 0.003 -19"><span class='ocrx_word' id='word_1_196' title='bbox 593 3527 838 3612; x_wconf 74' lang='lat' dir='ltr'><strong><em>(ceteris</em></strong></span> <span class='ocrx_word' id='word_1_197' title='bbox 883 3531 1156 3606; x_wconf 86' lang='lat' dir='ltr'><strong><em>omissis)</em></strong></span> <span class='ocrx_word' id='word_1_198' title='bbox 1200 3538 1284 3609; x_wconf 90' lang='lat' dir='ltr'><strong><em>R,</em></strong></span> <span class='ocrx_word' id='word_1_199' title='bbox 1343 3540 1562 3598; x_wconf 73' lang='lat' dir='ltr'><strong><em>mercis</em></strong></span> <span class='ocrx_word' id='word_1_200' title='bbox 1602 3545 1657 3598; x_wconf 87' lang='lat' dir='ltr'><strong><em>et</em></strong></span> <span class='ocrx_word' id='word_1_201' title='bbox 1697 3537 1753 3598; x_wconf 79' lang='lat' dir='ltr'><strong><em>si</em></strong></span> <span class='ocrx_word' id='word_1_202' title='bbox 1794 3555 2043 3599; x_wconf 81' lang='lat' dir='ltr'><strong><em>aceruos</em></strong></span> 
     </span>
     <span class='ocr_line' id='line_1_34' title="bbox 591 3635 2043 3723; baseline 0.004 -27"><span class='ocrx_word' id='word_1_203' title='bbox 591 3637 660 3707; x_wconf 88' lang='lat' dir='ltr'><strong><em>B,</em></strong></span> <span class='ocrx_word' id='word_1_204' title='bbox 704 3635 872 3698; x_wconf 77' lang='lat' dir='ltr'><strong><em>aliud</em></strong></span> <span class='ocrx_word' id='word_1_205' title='bbox 913 3639 1129 3700; x_wconf 74' lang='lat' dir='ltr'><strong><em>mercis</em></strong></span> <span class='ocrx_word' id='word_1_206' title='bbox 1170 3657 1419 3701; x_wconf 78' lang='lat' dir='ltr'><strong><em>aceruos</em></strong></span> <span class='ocrx_word' id='word_1_207' title='bbox 1459 3641 1506 3703; x_wconf 88' lang='lat' dir='ltr'><strong>F</strong></span> <span class='ocrx_word' id='word_1_208' title='bbox 1540 3645 1601 3702; x_wconf 85' lang='lat' dir='ltr'><strong><em>et</em></strong></span> <span class='ocrx_word' id='word_1_209' title='bbox 1632 3658 1726 3723; x_wconf 85' lang='lat' dir='ltr'><strong><em>pr.</em></strong></span> <span class='ocrx_word' id='word_1_210' title='bbox 1761 3641 2043 3714; x_wconf 67' lang='lat' dir='ltr'><strong><em>P,·atiud</em></strong></span> 
     </span>
     <span class='ocr_line' id='line_1_35' title="bbox 591 3741 2043 3815; baseline 0.003 -14"><span class='ocrx_word' id='word_1_211' title='bbox 591 3741 810 3802; x_wconf 75' lang='lat' dir='ltr'><strong><em>mercis</em></strong></span> <span class='ocrx_word' id='word_1_212' title='bbox 865 3749 930 3801; x_wconf 87' lang='lat' dir='ltr'><strong><em>at</em></strong></span> <span class='ocrx_word' id='word_1_213' title='bbox 985 3741 1042 3803; x_wconf 74' lang='lat' dir='ltr'><strong><em>si</em></strong></span> <span class='ocrx_word' id='word_1_214' title='bbox 1083 3761 1331 3804; x_wconf 77' lang='lat' dir='ltr'><strong><em>aceruos</em></strong></span> <span class='ocrx_word' id='word_1_215' title='bbox 1388 3761 1476 3805; x_wconf 87' lang='lat' dir='ltr'><strong>rc.</strong></span> <span class='ocrx_word' id='word_1_216' title='bbox 1526 3743 1692 3805; x_wconf 77' lang='lat' dir='ltr'><strong><em>corr.</em></strong></span> <span class='ocrx_word' id='word_1_217' title='bbox 1741 3743 1819 3815; x_wconf 91' lang='lat' dir='ltr'><strong><em>P,</em></strong></span> <span class='ocrx_word' id='word_1_218' title='bbox 1875 3744 2043 3805; x_wconf 83' lang='lat' dir='ltr'><strong><em>aliud</em></strong></span> 
     </span>
     <span class='ocr_line' id='line_1_36' title="bbox 592 3823 2039 3932; baseline 0.003 -27"><span class='ocrx_word' id='word_1_219' title='bbox 592 3845 811 3906; x_wconf 77' lang='lat' dir='ltr'><strong><em>mercis</em></strong></span> <span class='ocrx_word' id='word_1_220' title='bbox 850 3852 957 3906; x_wconf 71' lang='lat' dir='ltr'><strong><em>am</em></strong></span> <span class='ocrx_word' id='word_1_221' title='bbox 996 3846 1055 3907; x_wconf 63' lang='grc' dir='ltr'><strong><em>ει·</em></strong></span> <span class='ocrx_word' id='word_1_222' title='bbox 1096 3849 1520 3910; x_wconf 72' lang='lat' dir='ltr'><strong><em>aceruosA.—</em></strong></span> <span class='ocrx_word' id='word_1_223' title='bbox 1543 3847 1749 3910; x_wconf 74' lang='lat' dir='ltr'><strong><em>dicunt</em></strong></span> <span class='ocrx_word' id='word_1_224' title='bbox 1775 3848 1898 3921; x_wconf 82' lang='lat' dir='ltr'><strong><em>BT,</em></strong></span> <span class='ocrx_word' id='word_1_225' title='bbox 1943 3823 2039 3932; x_wconf 65' lang='lat' dir='ltr'><strong>fir.</strong></span> 
     </span>
     <span class='ocr_line' id='line_1_37' title="bbox 599 3945 1065 4012; baseline 0.006 -5"><span class='ocrx_word' id='word_1_226' title='bbox 599 3945 647 4007; x_wconf 98' lang='lat' dir='ltr'><strong>P</strong></span> <span class='ocrx_word' id='word_1_227' title='bbox 691 3951 753 4008; x_wconf 88' lang='lat' dir='ltr'><strong><em>et</em></strong></span> <span class='ocrx_word' id='word_1_228' title='bbox 788 3966 951 4012; x_wconf 87' lang='lat' dir='ltr'><strong>corr.</strong></span> <span class='ocrx_word' id='word_1_229' title='bbox 994 3949 1065 4010; x_wconf 88' lang='lat' dir='ltr'><strong>F.</strong></span> 
     </span>
    </p>

    <p class='ocr_par' dir='ltr' id='par_1_16' title="bbox 595 4048 2036 4240">
     <span class='ocr_line' id='line_1_38' title="bbox 678 4048 2036 4139; baseline 0.004 -27"><span class='ocrx_word' id='word_1_230' title='bbox 678 4051 740 4113; x_wconf 93' lang='grc'><strong>7.</strong></span> <span class='ocrx_word' id='word_1_231' title='bbox 784 4048 860 4133; x_wconf 84' lang='lat' dir='ltr'><strong><em>et]</em></strong></span> <span class='ocrx_word' id='word_1_232' title='bbox 906 4052 1007 4114; x_wconf 72' lang='lat' dir='ltr'><strong><em>sed</em></strong></span> <span class='ocrx_word' id='word_1_233' title='bbox 1047 4055 1118 4124; x_wconf 91' lang='lat' dir='ltr'><strong><em>T,</em></strong></span> <span class='ocrx_word' id='word_1_234' title='bbox 1165 4071 1293 4116; x_wconf 89' lang='lat' dir='ltr'><strong>om.</strong></span> <span class='ocrx_word' id='word_1_235' title='bbox 1326 4053 1897 4137; x_wconf 75' lang='lat' dir='ltr'><strong><em>ABR—exempla</em></strong></span> <span class='ocrx_word' id='word_1_236' title='bbox 1937 4072 2036 4139; x_wconf 85' lang='lat' dir='ltr'><strong><em>pr.</em></strong></span> 
     </span>
     <span class='ocr_line' id='line_1_39' title="bbox 595 4153 1789 4240; baseline 0.003 -23"><span class='ocrx_word' id='word_1_237' title='bbox 595 4153 668 4240; x_wconf 77' lang='lat' dir='ltr'><strong><em>A.</em></strong></span> <span class='ocrx_word' id='word_1_238' title='bbox 692 4159 772 4202; x_wconf 59' lang='grc' dir='ltr'><strong><em>-ὲ</em></strong></span> <span class='ocrx_word' id='word_1_239' title='bbox 794 4155 1003 4218; x_wconf 72' lang='lat' dir='ltr'><strong><em>habent</em></strong></span> <span class='ocrx_word' id='word_1_240' title='bbox 1037 4157 1258 4221; x_wconf 89' lang='lat' dir='ltr'><strong>PBRT.</strong></span> <span class='ocrx_word' id='word_1_241' title='bbox 1281 4190 1364 4203; x_wconf 90' lang='lat'>—</span> <span class='ocrx_word' id='word_1_242' title='bbox 1381 4158 1691 4220; x_wconf 75' lang='lat' dir='ltr'><strong><em>ostendunt</em></strong></span> <span class='ocrx_word' id='word_1_243' title='bbox 1718 4160 1789 4221; x_wconf 88' lang='lat' dir='ltr'><strong>R.</strong></span> 
     </span>
    </p>

    <p class='ocr_par' dir='ltr' id='par_1_17' title="bbox 679 4259 1590 4340">
     <span class='ocr_line' id='line_1_40' title="bbox 679 4259 1590 4340; baseline 0.005 -19"><span class='ocrx_word' id='word_1_244' title='bbox 679 4259 740 4323; x_wconf 89' lang='grc'><strong>8.</strong></span> <span class='ocrx_word' id='word_1_245' title='bbox 785 4260 1159 4340; x_wconf 74' lang='lat' dir='ltr'><strong><em>treptolemus</em></strong></span> <span class='ocrx_word' id='word_1_246' title='bbox 1201 4261 1368 4326; x_wconf 90' lang='lat' dir='ltr'><strong>PAF.</strong></span> <span class='ocrx_word' id='word_1_247' title='bbox 1578 4291 1590 4304; x_wconf 88' lang='lat'><em>·</em></span> 
     </span>
    </p>

    <p class='ocr_par' dir='ltr' id='par_1_18' title="bbox 680 4362 2038 4438">
     <span class='ocr_line' id='line_1_41' title="bbox 680 4362 2038 4438; baseline 0.004 -16"><span class='ocrx_word' id='word_1_248' title='bbox 680 4363 742 4423; x_wconf 87' lang='grc'><strong>9.</strong></span> <span class='ocrx_word' id='word_1_249' title='bbox 790 4362 1127 4426; x_wconf 69' lang='lat' dir='ltr'><strong><em>hominibus</em></strong></span> <span class='ocrx_word' id='word_1_250' title='bbox 1165 4364 1230 4425; x_wconf 74' lang='lat' dir='ltr'><strong><em>id</em></strong></span> <span class='ocrx_word' id='word_1_251' title='bbox 1272 4366 1348 4438; x_wconf 91' lang='lat' dir='ltr'><strong><em>T,</em></strong></span> <span class='ocrx_word' id='word_1_252' title='bbox 1393 4365 1728 4428; x_wconf 73' lang='lat' dir='ltr'><strong><em>hominibus</em></strong></span> <span class='ocrx_word' id='word_1_253' title='bbox 1768 4366 1922 4429; x_wconf 81' lang='lat' dir='ltr'><strong><em>idem</em></strong></span> <span class='ocrx_word' id='word_1_254' title='bbox 1963 4365 2038 4427; x_wconf 91' lang='lat' dir='ltr'><strong>R.</strong></span> 
     </span>
    </p>

    <p class='ocr_par' dir='ltr' id='par_1_19' title="bbox 684 4466 1273 4531">
     <span class='ocr_line' id='line_1_42' title="bbox 684 4466 1273 4531; baseline 0.007 -5"><span class='ocrx_word' id='word_1_255' title='bbox 684 4466 784 4527; x_wconf 90' lang='grc'><strong><em>10.</em></strong></span> <span class='ocrx_word' id='word_1_256' title='bbox 835 4468 1169 4530; x_wconf 79' lang='lat' dir='ltr'><strong><em>corroderet</em></strong></span> <span class='ocrx_word' id='word_1_257' title='bbox 1201 4470 1273 4531; x_wconf 92' lang='lat' dir='ltr'><strong>T.</strong></span> 
     </span>
    </p>

    <p class='ocr_par' dir='ltr' id='par_1_20' title="bbox 684 4568 2039 4636">
     <span class='ocr_line' id='line_1_43' title="bbox 684 4568 2039 4636; baseline 0.005 -7"><span class='ocrx_word' id='word_1_258' title='bbox 684 4568 797 4634; x_wconf 82' lang='lat'><strong><em>11.¹</em></strong></span> <span class='ocrx_word' id='word_1_259' title='bbox 833 4588 954 4633; x_wconf 76' lang='lat' dir='ltr'><strong><em>non</em></strong></span> <span class='ocrx_word' id='word_1_260' title='bbox 968 4591 1096 4635; x_wconf 87' lang='lat' dir='ltr'><strong>om.</strong></span> <span class='ocrx_word' id='word_1_261' title='bbox 1115 4573 1286 4634; x_wconf 88' lang='lat' dir='ltr'><strong>PFT.</strong></span> <span class='ocrx_word' id='word_1_262' title='bbox 1308 4604 1385 4618; x_wconf 88' lang='lat'><strong><em>·-—</em></strong></span> <span class='ocrx_word' id='word_1_263' title='bbox 1404 4573 1698 4635; x_wconf 70' lang='lat' dir='ltr'><strong><em>ridiculus</em></strong></span> <span class='ocrx_word' id='word_1_264' title='bbox 1709 4573 2039 4636; x_wconf 90' lang='lat' dir='ltr'><strong>PABFRT.</strong></span> 
     </span>
    </p>

    <p class='ocr_par' dir='ltr' id='par_1_21' title="bbox 684 4671 1567 4758">
     <span class='ocr_line' id='line_1_44' title="bbox 684 4671 1567 4758; baseline 0.005 -23"><span class='ocrx_word' id='word_1_265' title='bbox 684 4673 780 4735; x_wconf 91' lang='grc'><strong><em>13.</em></strong></span> <span class='ocrx_word' id='word_1_266' title='bbox 825 4671 950 4757; x_wconf 83' lang='lat' dir='ltr'><strong><em>qui]</em></strong></span> <span class='ocrx_word' id='word_1_267' title='bbox 995 4677 1129 4758; x_wconf 76' lang='lat' dir='ltr'><strong><em>quis</em></strong></span> <span class='ocrx_word' id='word_1_268' title='bbox 1168 4676 1399 4740; x_wconf 85' lang='lat' dir='ltr'><strong>AFRT.</strong></span> <span class='ocrx_word' id='word_1_269' title='bbox 1560 4689 1567 4690; x_wconf 66' lang='grc'><em>’</em></span> 
     </span>
    </p>
   </div>
   <div class='ocr_carea' id='block_1_8' title="bbox 596 4773 2049 4961">
    <p class='ocr_par' dir='ltr' id='par_1_22' title="bbox 596 4773 2049 4961">
     <span class='ocr_line' id='line_1_45' title="bbox 686 4773 2049 4867; baseline 0.004 -28"><span class='ocrx_word' id='word_1_270' title='bbox 686 4776 786 4839; x_wconf 76' lang='grc'><strong><em>14.</em></strong></span> <span class='ocrx_word' id='word_1_271' title='bbox 834 4773 965 4858; x_wconf 82' lang='grc' dir='ltr'><strong><em>Ιιοσ]</em></strong></span> <span class='ocrx_word' id='word_1_272' title='bbox 1025 4780 1168 4844; x_wconf 79' lang='lat' dir='ltr'><strong><em>haec</em></strong></span> <span class='ocrx_word' id='word_1_273' title='bbox 1224 4781 1445 4847; x_wconf 85' lang='lat' dir='ltr'><strong>PAFT.</strong></span> <span class='ocrx_word' id='word_1_274' title='bbox 1514 4813 1591 4831; x_wconf 89' lang='lat'><strong><em>·-</em></strong></span> <span class='ocrx_word' id='word_1_275' title='bbox 1653 4778 1856 4867; x_wconf 74' lang='lat' dir='ltr'><strong><em>quum]</em></strong></span> <span class='ocrx_word' id='word_1_276' title='bbox 1921 4792 2049 4847; x_wconf 81' lang='lat' dir='ltr'><strong><em>tum</em></strong></span> 
     </span>
     <span class='ocr_line' id='line_1_46' title="bbox 596 4876 1997 4961; baseline 0.006 -22"><span class='ocrx_word' id='word_1_277' title='bbox 596 4876 818 4951; x_wconf 87' lang='lat' dir='ltr'><strong>PAFT,</strong></span> <span class='ocrx_word' id='word_1_278' title='bbox 861 4898 1042 4961; x_wconf 79' lang='lat' dir='ltr'><strong><em>quam</em></strong></span> <span class='ocrx_word' id='word_1_279' title='bbox 1083 4883 1155 4944; x_wconf 89' lang='lat' dir='ltr'><strong><em>R.</em></strong></span> <span class='ocrx_word' id='word_1_280' title='bbox 1994 4895 1997 4898; x_wconf 83' lang='lat'>&#39;</span> 
     </span>
    </p>
   </div>
   <div class='ocr_carea' id='block_1_9' title="bbox 2104 1344 3569 2555">
    <p class='ocr_par' dir='ltr' id='par_1_23' title="bbox 2107 1344 3564 1742">
     <span class='ocr_line' id='line_1_47' title="bbox 2197 1344 3564 1430; baseline -0.002 -18"><span class='ocrx_word' id='word_1_281' title='bbox 2197 1352 2295 1412; x_wconf 88' lang='grc'><strong><em>19.</em></strong></span> <span class='ocrx_word' id='word_1_282' title='bbox 2356 1344 2554 1430; x_wconf 81' lang='lat' dir='ltr'><strong><em>caput]</em></strong></span> <span class='ocrx_word' id='word_1_283' title='bbox 2600 1357 2776 1430; x_wconf 84' lang='lat' dir='ltr'><strong><em>caput</em></strong></span> <span class='ocrx_word' id='word_1_284' title='bbox 2817 1368 2992 1411; x_wconf 77' lang='lat' dir='ltr'><strong><em>suum</em></strong></span> <span class='ocrx_word' id='word_1_285' title='bbox 3032 1348 3106 1411; x_wconf 89' lang='lat' dir='ltr'><strong><em>R.</em></strong></span> <span class='ocrx_word' id='word_1_286' title='bbox 3164 1381 3247 1394; x_wconf 89' lang='lat'>—</span> <span class='ocrx_word' id='word_1_287' title='bbox 3288 1348 3564 1430; x_wconf 75' lang='lat' dir='ltr'><strong><em>Myron-is</em></strong></span> 
     </span>
     <span class='ocr_line' id='line_1_48' title="bbox 2108 1451 3563 1535; baseline 0.001 -21"><span class='ocrx_word' id='word_1_288' title='bbox 2108 1454 2452 1535; x_wconf 75' lang='lat' dir='ltr'><strong><em>myronium</em></strong></span> <span class='ocrx_word' id='word_1_289' title='bbox 2484 1451 2596 1535; x_wconf 78' lang='lat' dir='ltr'><strong>&#39;pr.</strong></span> <span class='ocrx_word' id='word_1_290' title='bbox 2645 1453 2723 1525; x_wconf 90' lang='lat' dir='ltr'><strong><em>P,</em></strong></span> <span class='ocrx_word' id='word_1_291' title='bbox 2768 1454 3096 1515; x_wconf 81' lang='lat' dir='ltr'><strong><em>mironium</em></strong></span> <span class='ocrx_word' id='word_1_292' title='bbox 3134 1452 3274 1525; x_wconf 90' lang='lat' dir='ltr'><strong><em>AF,</em></strong></span> <span class='ocrx_word' id='word_1_293' title='bbox 3320 1454 3563 1515; x_wconf 62' lang='lat' dir='ltr'><strong><em>milonis</em></strong></span> 
     </span>
     <span class='ocr_line' id='line_1_49' title="bbox 2107 1557 3563 1639; baseline 0.001 -21"><span class='ocrx_word' id='word_1_294' title='bbox 2107 1558 2208 1618; x_wconf 85' lang='lat' dir='ltr'><strong><em>BR</em></strong></span> <span class='ocrx_word' id='word_1_295' title='bbox 2241 1564 2302 1619; x_wconf 86' lang='lat' dir='ltr'><strong><em>et</em></strong></span> <span class='ocrx_word' id='word_1_296' title='bbox 2333 1576 2498 1619; x_wconf 87' lang='lat' dir='ltr'><strong>corr.</strong></span> <span class='ocrx_word' id='word_1_297' title='bbox 2547 1577 2637 1620; x_wconf 85' lang='lat' dir='ltr'><strong>rc.</strong></span> <span class='ocrx_word' id='word_1_298' title='bbox 2687 1557 2768 1630; x_wconf 89' lang='lat' dir='ltr'><strong><em>P,</em></strong></span> <span class='ocrx_word' id='word_1_299' title='bbox 2816 1557 3130 1619; x_wconf 79' lang='lat' dir='ltr'><strong><em>milonium</em></strong></span> <span class='ocrx_word' id='word_1_300' title='bbox 3172 1557 3243 1620; x_wconf 90' lang='lat' dir='ltr'><strong><em>T.</em></strong></span> <span class='ocrx_word' id='word_1_301' title='bbox 3293 1589 3376 1603; x_wconf 90' lang='lat'>—</span> <span class='ocrx_word' id='word_1_302' title='bbox 3409 1574 3563 1639; x_wconf 82' lang='lat' dir='ltr'><strong><em>pra-</em></strong></span> 
     </span>
     <span class='ocr_line' id='line_1_50' title="bbox 2108 1661 3094 1742; baseline 0 -20"><span class='ocrx_word' id='word_1_303' title='bbox 2108 1662 2290 1723; x_wconf 76' lang='lat' dir='ltr'><strong><em>xitele</em></strong></span> <span class='ocrx_word' id='word_1_304' title='bbox 2318 1663 2489 1734; x_wconf 88' lang='lat' dir='ltr'><strong>ABF,</strong></span> <span class='ocrx_word' id='word_1_305' title='bbox 2513 1662 2850 1742; x_wconf 78' lang='lat' dir='ltr'><strong><em>praoeiletes</em></strong></span> <span class='ocrx_word' id='word_1_306' title='bbox 2886 1661 2956 1722; x_wconf 88' lang='lat' dir='ltr'><strong><em>R.</em></strong></span> <span class='ocrx_word' id='word_1_307' title='bbox 3087 1664 3094 1669; x_wconf 78' lang='grc'><em>’</em></span> 
     </span>
    </p>

    <p class='ocr_par' dir='ltr' id='par_1_24' title="bbox 2104 1764 3565 2243">
     <span class='ocr_line' id='line_1_51' title="bbox 2193 1764 3560 1848; baseline 0.002 -22"><span class='ocrx_word' id='word_1_308' title='bbox 2193 1766 2298 1827; x_wconf 89' lang='grc'><strong>20.</strong></span> <span class='ocrx_word' id='word_1_309' title='bbox 2339 1765 2717 1845; x_wconf 79' lang='lat' dir='ltr'><strong><em>polycletium</em></strong></span> <span class='ocrx_word' id='word_1_310' title='bbox 2759 1783 2855 1848; x_wconf 88' lang='lat' dir='ltr'><strong><em>pr.</em></strong></span> <span class='ocrx_word' id='word_1_311' title='bbox 2905 1766 2951 1826; x_wconf 94' lang='lat' dir='ltr'><strong>P</strong></span> <span class='ocrx_word' id='word_1_312' title='bbox 2973 1813 2990 1841; x_wconf 91' lang='lat'>‚</span> <span class='ocrx_word' id='word_1_313' title='bbox 3028 1764 3397 1846; x_wconf 77' lang='lat' dir='ltr'><strong><em>policletium</em></strong></span> <span class='ocrx_word' id='word_1_314' title='bbox 3438 1765 3560 1839; x_wconf 85' lang='lat' dir='ltr'><strong><em>AF,</em></strong></span> 
     </span>
     <span class='ocr_line' id='line_1_52' title="bbox 2104 1868 3555 1955; baseline 0.001 -26"><span class='ocrx_word' id='word_1_315' title='bbox 2104 1869 2392 1955; x_wconf 74' lang='lat' dir='ltr'><strong><em>policletii</em></strong></span> <span class='ocrx_word' id='word_1_316' title='bbox 2421 1869 2547 1942; x_wconf 90' lang='lat' dir='ltr'><strong><em>BR,</em></strong></span> <span class='ocrx_word' id='word_1_317' title='bbox 2563 1869 2954 1949; x_wconf 79' lang='lat' dir='ltr'><strong><em>pollicletium</em></strong></span> <span class='ocrx_word' id='word_1_318' title='bbox 2973 1873 3043 1933; x_wconf 91' lang='lat' dir='ltr'><strong><em>T.</em></strong></span> <span class='ocrx_word' id='word_1_319' title='bbox 3069 1868 3363 1953; x_wconf 79' lang='lat' dir='ltr'><strong><em>(polycleti</em></strong></span> <span class='ocrx_word' id='word_1_320' title='bbox 3386 1889 3555 1935; x_wconf 78' lang='lat' dir='ltr'><strong>corr.</strong></span> 
     </span>
     <span class='ocr_line' id='line_1_53' title="bbox 2110 1962 3565 2057; baseline 0.003 -25"><span class='ocrx_word' id='word_1_321' title='bbox 2110 1972 2218 2051; x_wconf 88' lang='lat' dir='ltr'><strong><em>P.)</em></strong></span> <span class='ocrx_word' id='word_1_322' title='bbox 2243 1981 2604 2035; x_wconf 79' lang='lat' dir='ltr'><strong><em>—ventrem</em></strong></span> <span class='ocrx_word' id='word_1_323' title='bbox 2649 1982 2706 2035; x_wconf 82' lang='lat' dir='ltr'><strong><em>et</em></strong></span> <span class='ocrx_word' id='word_1_324' title='bbox 2746 1992 2933 2036; x_wconf 87' lang='lat' dir='ltr'><strong><em>crura</em></strong></span> <span class='ocrx_word' id='word_1_325' title='bbox 2961 1993 3088 2038; x_wconf 88' lang='lat' dir='ltr'><strong>om.</strong></span> <span class='ocrx_word' id='word_1_326' title='bbox 3123 1976 3349 2038; x_wconf 85' lang='lat' dir='ltr'><strong>PABF.</strong></span> <span class='ocrx_word' id='word_1_327' title='bbox 3399 1962 3565 2057; x_wconf 77' lang='lat' dir='ltr'><strong><em>(uen-</em></strong></span> 
     </span>
     <span class='ocr_line' id='line_1_54' title="bbox 2110 2074 3561 2162; baseline 0.002 -25"><span class='ocrx_word' id='word_1_328' title='bbox 2110 2084 2260 2137; x_wconf 81' lang='lat' dir='ltr'><strong><em>trem</em></strong></span> <span class='ocrx_word' id='word_1_329' title='bbox 2301 2077 2399 2138; x_wconf 87' lang='lat' dir='ltr'><strong><em>uel</em></strong></span> <span class='ocrx_word' id='word_1_330' title='bbox 2439 2095 2626 2139; x_wconf 83' lang='lat' dir='ltr'><strong><em>crura</em></strong></span> <span class='ocrx_word' id='word_1_331' title='bbox 2669 2075 2811 2141; x_wconf 84' lang='lat' dir='ltr'><strong>add.</strong></span> <span class='ocrx_word' id='word_1_332' title='bbox 2864 2096 2955 2140; x_wconf 85' lang='lat' dir='ltr'><strong>rc.</strong></span> <span class='ocrx_word' id='word_1_333' title='bbox 3004 2098 3168 2142; x_wconf 87' lang='lat' dir='ltr'><strong>corr.</strong></span> <span class='ocrx_word' id='word_1_334' title='bbox 3203 2076 3304 2162; x_wconf 88' lang='lat' dir='ltr'><strong><em>P.)</em></strong></span> <span class='ocrx_word' id='word_1_335' title='bbox 3333 2074 3561 2160; x_wconf 74' lang='lat' dir='ltr'><strong><em>——sedJ</em></strong></span> 
     </span>
     <span class='ocr_line' id='line_1_55' title="bbox 2112 2180 2541 2243; baseline 0.007 -3"><span class='ocrx_word' id='word_1_336' title='bbox 2112 2180 2430 2242; x_wconf 80' lang='lat' dir='ltr'><strong><em>secundum</em></strong></span> <span class='ocrx_word' id='word_1_337' title='bbox 2471 2182 2541 2243; x_wconf 89' lang='lat' dir='ltr'><strong><em>B.</em></strong></span> 
     </span>
    </p>

    <p class='ocr_par' dir='ltr' id='par_1_25' title="bbox 2112 2281 3569 2555">
     <span class='ocr_line' id='line_1_56' title="bbox 2119 2281 3567 2368; baseline 0.001 -23"><span class='ocrx_word' id='word_1_338' title='bbox 2119 2318 2123 2322; x_wconf 95' lang='lat'><em>·</em></span> <span class='ocrx_word' id='word_1_339' title='bbox 2194 2285 2300 2345; x_wconf 88' lang='grc'><strong><em>21.</em></strong></span> <span class='ocrx_word' id='word_1_340' title='bbox 2349 2286 2640 2366; x_wconf 74' lang='lat' dir='ltr'><strong><em>maqistro</em></strong></span> <span class='ocrx_word' id='word_1_341' title='bbox 2699 2286 2955 2367; x_wconf 68' lang='lat' dir='ltr'><strong><em>faciente</em></strong></span> <span class='ocrx_word' id='word_1_342' title='bbox 2996 2287 3062 2348; x_wconf 89' lang='lat' dir='ltr'><strong><em>F.</em></strong></span> <span class='ocrx_word' id='word_1_343' title='bbox 3121 2320 3205 2333; x_wconf 90' lang='lat'>—</span> <span class='ocrx_word' id='word_1_344' title='bbox 3255 2281 3386 2368; x_wconf 77' lang='lat' dir='ltr'><strong><em>sua]</em></strong></span> <span class='ocrx_word' id='word_1_345' title='bbox 3435 2286 3567 2347; x_wconf 78' lang='lat' dir='ltr'><strong><em>sola</em></strong></span> 
     </span>
     <span class='ocr_line' id='line_1_57' title="bbox 2112 2387 3569 2472; baseline 0.003 -24"><span class='ocrx_word' id='word_1_346' title='bbox 2112 2387 2319 2449; x_wconf 88' lang='lat' dir='ltr'><strong>AFRT</strong></span> <span class='ocrx_word' id='word_1_347' title='bbox 2364 2394 2425 2450; x_wconf 87' lang='lat' dir='ltr'><strong><em>et</em></strong></span> <span class='ocrx_word' id='word_1_348' title='bbox 2466 2406 2563 2472; x_wconf 85' lang='lat' dir='ltr'><strong><em>pr.</em></strong></span> <span class='ocrx_word' id='word_1_349' title='bbox 2612 2390 2681 2451; x_wconf 93' lang='lat' dir='ltr'><strong><em>P.</em></strong></span> <span class='ocrx_word' id='word_1_350' title='bbox 2746 2422 2830 2436; x_wconf 91' lang='lat'>—</span> <span class='ocrx_word' id='word_1_351' title='bbox 2887 2397 3129 2470; x_wconf 81' lang='lat' dir='ltr'><strong><em>poterat</em></strong></span> <span class='ocrx_word' id='word_1_352' title='bbox 3188 2390 3569 2453; x_wconf 74' lang='lat' dir='ltr'><strong><em>considerare</em></strong></span> 
     </span>
     <span class='ocr_line' id='line_1_58' title="bbox 2113 2491 2388 2555; baseline 0.007 -3"><span class='ocrx_word' id='word_1_353' title='bbox 2113 2491 2388 2555; x_wconf 89' lang='lat' dir='ltr'><strong>PBFRT.</strong></span> 
     </span>
    </p>
   </div>
   <div class='ocr_carea' id='block_1_10' title="bbox 2114 2596 3567 3720">
    <p class='ocr_par' dir='ltr' id='par_1_26' title="bbox 2197 2596 3095 2659">
     <span class='ocr_line' id='line_1_59' title="bbox 2197 2596 3095 2659; baseline 0.004 -4"><span class='ocrx_word' id='word_1_354' title='bbox 2197 2596 2300 2657; x_wconf 85' lang='grc'><strong>22.</strong></span> <span class='ocrx_word' id='word_1_355' title='bbox 2346 2596 2531 2658; x_wconf 82' lang='lat' dir='ltr'><strong><em>uelint</em></strong></span> <span class='ocrx_word' id='word_1_356' title='bbox 2571 2596 2796 2659; x_wconf 72' lang='lat' dir='ltr'><strong><em>discere</em></strong></span> <span class='ocrx_word' id='word_1_357' title='bbox 2837 2596 2982 2659; x_wconf 76' lang='lat' dir='ltr'><strong><em>haec</em></strong></span> <span class='ocrx_word' id='word_1_358' title='bbox 3022 2598 3095 2659; x_wconf 81' lang='lat' dir='ltr'><strong><em>B.</em></strong></span> 
     </span>
    </p>

    <p class='ocr_par' dir='ltr' id='par_1_27' title="bbox 2199 2696 2934 2781">
     <span class='ocr_line' id='line_1_60' title="bbox 2199 2696 2934 2781; baseline -0.001 -19"><span class='ocrx_word' id='word_1_359' title='bbox 2199 2697 2300 2762; x_wconf 81' lang='lat'><strong><em>23.</em></strong></span> <span class='ocrx_word' id='word_1_360' title='bbox 2344 2696 2438 2781; x_wconf 82' lang='lat' dir='ltr'><strong><em>ne]</em></strong></span> <span class='ocrx_word' id='word_1_361' title='bbox 2484 2719 2590 2763; x_wconf 80' lang='lat' dir='ltr'><strong><em>nec</em></strong></span> <span class='ocrx_word' id='word_1_362' title='bbox 2631 2701 2806 2763; x_wconf 87' lang='lat' dir='ltr'><strong>FRT.</strong></span> <span class='ocrx_word' id='word_1_363' title='bbox 2929 2734 2934 2737; x_wconf 90' lang='lat'><em>·</em></span> 
     </span>
    </p>

    <p class='ocr_par' dir='ltr' id='par_1_28' title="bbox 2116 2803 3565 3075">
     <span class='ocr_line' id='line_1_61' title="bbox 2199 2803 3565 2888; baseline 0.001 -23"><span class='ocrx_word' id='word_1_364' title='bbox 2199 2803 2303 2866; x_wconf 82' lang='lat'><strong><em>25.</em></strong></span> <span class='ocrx_word' id='word_1_365' title='bbox 2354 2824 2533 2885; x_wconf 84' lang='lat' dir='ltr'><strong><em>quam</em></strong></span> <span class='ocrx_word' id='word_1_366' title='bbox 2582 2804 2845 2885; x_wconf 77' lang='lat' dir='ltr'><strong><em>propria</em></strong></span> <span class='ocrx_word' id='word_1_367' title='bbox 2901 2821 3031 2867; x_wconf 88' lang='lat' dir='ltr'><strong>om.</strong></span> <span class='ocrx_word' id='word_1_368' title='bbox 3095 2807 3143 2865; x_wconf 90' lang='lat' dir='ltr'>B</span> <span class='ocrx_word' id='word_1_369' title='bbox 3204 2810 3268 2866; x_wconf 83' lang='lat' dir='ltr'><strong><em>et</em></strong></span> <span class='ocrx_word' id='word_1_370' title='bbox 3324 2822 3421 2888; x_wconf 80' lang='lat' dir='ltr'><strong><em>pr.</em></strong></span> <span class='ocrx_word' id='word_1_371' title='bbox 3482 2804 3565 2879; x_wconf 75' lang='lat'><strong><em>1²3</em></strong></span> 
     </span>
     <span class='ocr_line' id='line_1_62' title="bbox 2116 2906 3564 2992; baseline 0.001 -22"><span class='ocrx_word' id='word_1_372' title='bbox 2116 2926 2295 2990; x_wconf 84' lang='lat' dir='ltr'><strong><em>quam</em></strong></span> <span class='ocrx_word' id='word_1_373' title='bbox 2336 2907 2417 2971; x_wconf 85' lang='lat' dir='ltr'><strong><em>ad</em></strong></span> <span class='ocrx_word' id='word_1_374' title='bbox 2444 2908 2707 2991; x_wconf 78' lang='lat' dir='ltr'><strong><em>propria</em></strong></span> <span class='ocrx_word' id='word_1_375' title='bbox 2749 2909 2817 2971; x_wconf 85' lang='lat' dir='ltr'><strong><em>F.</em></strong></span> <span class='ocrx_word' id='word_1_376' title='bbox 2841 2942 2924 2955; x_wconf 92' lang='lat'>—</span> <span class='ocrx_word' id='word_1_377' title='bbox 2952 2906 3136 2971; x_wconf 75' lang='lat' dir='ltr'><strong><em>unius</em></strong></span> <span class='ocrx_word' id='word_1_378' title='bbox 3170 2908 3453 2992; x_wconf 75' lang='lat' dir='ltr'><strong><em>cuiusque</em></strong></span> <span class='ocrx_word' id='word_1_379' title='bbox 3491 2910 3564 2972; x_wconf 94' lang='lat' dir='ltr'><strong><em>T.</em></strong></span> 
     </span>
     <span class='ocr_line' id='line_1_63' title="bbox 2117 3013 2684 3075; baseline 0 0"><span class='ocrx_word' id='word_1_380' title='bbox 2117 3044 2201 3058; x_wconf 92' lang='lat'><strong><em>-—</em></strong></span> <span class='ocrx_word' id='word_1_381' title='bbox 2228 3013 2395 3075; x_wconf 76' lang='lat' dir='ltr'><strong><em>locus</em></strong></span> <span class='ocrx_word' id='word_1_382' title='bbox 2438 3032 2565 3075; x_wconf 91' lang='lat' dir='ltr'><strong>om.</strong></span> <span class='ocrx_word' id='word_1_383' title='bbox 2614 3015 2684 3075; x_wconf 88' lang='lat' dir='ltr'><strong><em>F.</em></strong></span> 
     </span>
    </p>

    <p class='ocr_par' dir='ltr' id='par_1_29' title="bbox 2202 3112 3105 3200">
     <span class='ocr_line' id='line_1_64' title="bbox 2202 3112 3105 3200; baseline -0.001 -19"><span class='ocrx_word' id='word_1_384' title='bbox 2202 3119 2306 3181; x_wconf 90' lang='grc'><strong>26.</strong></span> <span class='ocrx_word' id='word_1_385' title='bbox 2356 3112 2713 3200; x_wconf 72' lang='lat' dir='ltr'><strong><em>conscripta]</em></strong></span> <span class='ocrx_word' id='word_1_386' title='bbox 2761 3118 2989 3199; x_wconf 78' lang='lat' dir='ltr'><strong><em>scripta</em></strong></span> <span class='ocrx_word' id='word_1_387' title='bbox 3030 3117 3105 3180; x_wconf 87' lang='lat' dir='ltr'><strong><em>A.</em></strong></span> 
     </span>
    </p>

    <p class='ocr_par' dir='ltr' id='par_1_30' title="bbox 2201 3217 3134 3304">
     <span class='ocr_line' id='line_1_65' title="bbox 2201 3217 3134 3304; baseline -0.001 -20"><span class='ocrx_word' id='word_1_388' title='bbox 2201 3223 2303 3290; x_wconf 89' lang='grc'><strong>27.</strong></span> <span class='ocrx_word' id='word_1_389' title='bbox 2346 3217 2433 3304; x_wconf 81' lang='lat' dir='ltr'><strong><em>ut]</em></strong></span> <span class='ocrx_word' id='word_1_390' title='bbox 2482 3222 2574 3283; x_wconf 81' lang='lat' dir='ltr'><strong><em>uti</em></strong></span> <span class='ocrx_word' id='word_1_391' title='bbox 2616 3221 2892 3283; x_wconf 89' lang='lat' dir='ltr'><strong>PABFT.</strong></span> <span class='ocrx_word' id='word_1_392' title='bbox 2961 3251 2972 3264; x_wconf 84' lang='lat'><strong>·</strong></span> <span class='ocrx_word' id='word_1_393' title='bbox 3129 3219 3134 3226; x_wconf 79' lang='grc'><strong>’</strong></span> 
     </span>
    </p>

    <p class='ocr_par' dir='ltr' id='par_1_31' title="bbox 2199 3321 3229 3407">
     <span class='ocr_line' id='line_1_66' title="bbox 2199 3321 3229 3407; baseline 0 -21"><span class='ocrx_word' id='word_1_394' title='bbox 2199 3327 2302 3389; x_wconf 88' lang='grc'><strong>28.</strong></span> <span class='ocrx_word' id='word_1_395' title='bbox 2354 3321 2645 3407; x_wconf 77' lang='lat' dir='ltr'><strong><em>omnibus]</em></strong></span> <span class='ocrx_word' id='word_1_396' title='bbox 2689 3325 3028 3387; x_wconf 73' lang='lat' dir='ltr'><strong><em>hominibus</em></strong></span> <span class='ocrx_word' id='word_1_397' title='bbox 3075 3326 3144 3387; x_wconf 92' lang='lat' dir='ltr'><strong><em>F.</em></strong></span> <span class='ocrx_word' id='word_1_398' title='bbox 3223 3325 3229 3330; x_wconf 78' lang='grc'><em>’</em></span> 
     </span>
    </p>

    <p class='ocr_par' dir='ltr' id='par_1_32' title="bbox 2114 3425 3567 3720">
     <span class='ocr_line' id='line_1_67' title="bbox 2199 3425 3561 3514; baseline -0.001 -22"><span class='ocrx_word' id='word_1_399' title='bbox 2199 3432 2303 3493; x_wconf 88' lang='lat'><strong><em>31.</em></strong></span> <span class='ocrx_word' id='word_1_400' title='bbox 2353 3450 2502 3511; x_wconf 82' lang='lat' dir='ltr'><strong><em>quae</em></strong></span> <span class='ocrx_word' id='word_1_401' title='bbox 2546 3449 2672 3493; x_wconf 91' lang='lat' dir='ltr'><strong>om.</strong></span> <span class='ocrx_word' id='word_1_402' title='bbox 2721 3429 2998 3492; x_wconf 86' lang='lat' dir='ltr'><strong>PABFR.</strong></span> <span class='ocrx_word' id='word_1_403' title='bbox 3026 3462 3110 3476; x_wconf 91' lang='lat'><em>-</em></span> <span class='ocrx_word' id='word_1_404' title='bbox 3144 3425 3561 3514; x_wconf 74' lang='lat' dir='ltr'><strong><em>convertimus]</em></strong></span> 
     </span>
     <span class='ocr_line' id='line_1_68' title="bbox 2114 3530 3567 3614; baseline 0.001 -18"><span class='ocrx_word' id='word_1_405' title='bbox 2114 3537 2251 3596; x_wconf 83' lang='lat' dir='ltr'><strong><em>cum</em></strong></span> <span class='ocrx_word' id='word_1_406' title='bbox 2290 3535 2584 3596; x_wconf 74' lang='lat' dir='ltr'><strong><em>uertimus</em></strong></span> <span class='ocrx_word' id='word_1_407' title='bbox 2626 3552 2790 3597; x_wconf 85' lang='lat' dir='ltr'><strong>corr.</strong></span> <span class='ocrx_word' id='word_1_408' title='bbox 2841 3534 2911 3595; x_wconf 92' lang='lat' dir='ltr'><strong><em>P.</em></strong></span> <span class='ocrx_word' id='word_1_409' title='bbox 2961 3530 3138 3614; x_wconf 85' lang='lat' dir='ltr'><strong><em>(quae</em></strong></span> <span class='ocrx_word' id='word_1_410' title='bbox 3181 3533 3447 3597; x_wconf 84' lang='lat' dir='ltr'><strong><em>inseruit</em></strong></span> <span class='ocrx_word' id='word_1_411' title='bbox 3471 3554 3567 3598; x_wconf 82' lang='lat' dir='ltr'><strong>rc.</strong></span> 
     </span>
     <span class='ocr_line' id='line_1_69' title="bbox 2117 3634 2976 3720; baseline -0.005 -19"><span class='ocrx_word' id='word_1_412' title='bbox 2117 3658 2284 3701; x_wconf 84' lang='lat' dir='ltr'><strong>corr.</strong></span> <span class='ocrx_word' id='word_1_413' title='bbox 2334 3634 2532 3720; x_wconf 92' lang='lat' dir='ltr'><strong>P.)--</strong></span> <span class='ocrx_word' id='word_1_414' title='bbox 2565 3658 2637 3701; x_wconf 88' lang='lat' dir='ltr'><strong><em>ea</em></strong></span> <span class='ocrx_word' id='word_1_415' title='bbox 2678 3656 2805 3701; x_wconf 89' lang='lat' dir='ltr'><strong>om.</strong></span> <span class='ocrx_word' id='word_1_416' title='bbox 2856 3638 2931 3698; x_wconf 89' lang='lat' dir='ltr'><strong><em>A.</em></strong></span> <span class='ocrx_word' id='word_1_417' title='bbox 2972 3650 2976 3654; x_wconf 75' lang='grc'><em>’</em></span> 
     </span>
    </p>
   </div>
   <div class='ocr_carea' id='block_1_11' title="bbox 2197 3738 3175 3824">
    <p class='ocr_par' dir='ltr' id='par_1_33' title="bbox 2197 3738 3175 3824">
     <span class='ocr_line' id='line_1_70' title="bbox 2197 3738 3175 3824; baseline -0.001 -19"><span class='ocrx_word' id='word_1_418' title='bbox 2197 3743 2300 3806; x_wconf 82' lang='lat'><strong><em>32.</em></strong></span> <span class='ocrx_word' id='word_1_419' title='bbox 2346 3738 2505 3824; x_wconf 75' lang='lat' dir='ltr'><strong><em>sum]</em></strong></span> <span class='ocrx_word' id='word_1_420' title='bbox 2555 3743 2676 3804; x_wconf 80' lang='lat' dir='ltr'><strong><em>sint</em></strong></span> <span class='ocrx_word' id='word_1_421' title='bbox 2717 3744 2791 3804; x_wconf 89' lang='lat' dir='ltr'><strong><em>T.</em></strong></span> <span class='ocrx_word' id='word_1_422' title='bbox 2825 3775 2909 3789; x_wconf 92' lang='lat'><strong><em>-—</em></strong></span> <span class='ocrx_word' id='word_1_423' title='bbox 2937 3750 3066 3805; x_wconf 84' lang='lat' dir='ltr'><strong><em>erat</em></strong></span> <span class='ocrx_word' id='word_1_424' title='bbox 3106 3745 3175 3806; x_wconf 89' lang='lat' dir='ltr'><strong><em>F.</em></strong></span> 
     </span>
    </p>
   </div>
   <div class='ocr_carea' id='block_1_12' title="bbox 2128 3918 3566 4212">
    <p class='ocr_par' dir='ltr' id='par_1_34' title="bbox 2128 3918 3566 4212">
     <span class='ocr_line' id='line_1_71' title="bbox 2128 3918 3566 4005; baseline 0.003 -22"><span class='ocrx_word' id='word_1_425' title='bbox 2128 3999 2135 4002; x_wconf 37' lang='grc'>-</span> <span class='ocrx_word' id='word_1_426' title='bbox 2201 3920 2349 4005; x_wconf 78' lang='lat' dir='ltr'><strong>Pag.</strong></span> <span class='ocrx_word' id='word_1_427' title='bbox 2399 3924 2503 3987; x_wconf 90' lang='grc'><strong>65.</strong></span> <span class='ocrx_word' id='word_1_428' title='bbox 2552 3940 2614 3986; x_wconf 82' lang='lat' dir='ltr'><strong><em>v.</em></strong></span> <span class='ocrx_word' id='word_1_429' title='bbox 2668 3922 2729 3984; x_wconf 90' lang='lat'><strong><em>1.</em></strong></span> <span class='ocrx_word' id='word_1_430' title='bbox 2817 3918 3010 4005; x_wconf 78' lang='lat' dir='ltr'><strong><em>idque]</em></strong></span> <span class='ocrx_word' id='word_1_431' title='bbox 3059 3922 3124 3985; x_wconf 76' lang='lat' dir='ltr'><strong><em>id</em></strong></span> <span class='ocrx_word' id='word_1_432' title='bbox 3168 3922 3321 4004; x_wconf 81' lang='lat' dir='ltr'><strong><em>quod</em></strong></span> <span class='ocrx_word' id='word_1_433' title='bbox 3362 3944 3459 4005; x_wconf 84' lang='lat' dir='ltr'><strong><em>pr.</em></strong></span> <span class='ocrx_word' id='word_1_434' title='bbox 3494 3924 3566 3989; x_wconf 89' lang='lat' dir='ltr'><strong><em>P.</em></strong></span> 
     </span>
     <span class='ocr_line' id='line_1_72' title="bbox 2200 4035 3395 4102; baseline 0.002 -5"><span class='ocrx_word' id='word_1_435' title='bbox 2200 4036 2261 4097; x_wconf 80' lang='lat'><strong><em>2.</em></strong></span> <span class='ocrx_word' id='word_1_436' title='bbox 2303 4037 2372 4097; x_wconf 79' lang='lat' dir='ltr'><strong><em>in</em></strong></span> <span class='ocrx_word' id='word_1_437' title='bbox 2413 4053 2540 4102; x_wconf 87' lang='lat' dir='ltr'><strong>om.</strong></span> <span class='ocrx_word' id='word_1_438' title='bbox 2589 4038 2663 4100; x_wconf 89' lang='lat' dir='ltr'><strong><em>R.</em></strong></span> <span class='ocrx_word' id='word_1_439' title='bbox 2689 4035 2937 4097; x_wconf 76' lang='lat' dir='ltr'><strong><em>—haec</em></strong></span> <span class='ocrx_word' id='word_1_440' title='bbox 2977 4036 3043 4097; x_wconf 80' lang='lat' dir='ltr'><strong><em>in</em></strong></span> <span class='ocrx_word' id='word_1_441' title='bbox 3085 4036 3285 4100; x_wconf 80' lang='lat' dir='ltr'><strong><em>aliena</em></strong></span> <span class='ocrx_word' id='word_1_442' title='bbox 3326 4036 3395 4099; x_wconf 90' lang='lat' dir='ltr'><strong><em>P.</em></strong></span> 
     </span>
     <span class='ocr_line' id='line_1_73' title="bbox 2201 4147 3056 4212; baseline 0 0"><span class='ocrx_word' id='word_1_443' title='bbox 2201 4151 2264 4212; x_wconf 89' lang='lat'><strong><em>3.</em></strong></span> <span class='ocrx_word' id='word_1_444' title='bbox 2314 4149 2603 4210; x_wconf 84' lang='lat' dir='ltr'><strong><em>com-modi</em></strong></span> <span class='ocrx_word' id='word_1_445' title='bbox 2646 4157 2790 4211; x_wconf 73' lang='lat' dir='ltr'><strong><em>esset</em></strong></span> <span class='ocrx_word' id='word_1_446' title='bbox 2832 4147 3056 4212; x_wconf 85' lang='lat' dir='ltr'><strong>PAFT.</strong></span> 
     </span>
    </p>
   </div>
   <div class='ocr_carea' id='block_1_13' title="bbox 2118 4260 3573 4966">
    <p class='ocr_par' dir='ltr' id='par_1_35' title="bbox 2201 4260 3570 4328">
     <span class='ocr_line' id='line_1_74' title="bbox 2201 4260 3570 4328; baseline 0.002 -4"><span class='ocrx_word' id='word_1_447' title='bbox 2201 4263 2261 4324; x_wconf 75' lang='grc'><strong>4.</strong></span> <span class='ocrx_word' id='word_1_448' title='bbox 2286 4260 2636 4323; x_wconf 79' lang='lat' dir='ltr'><strong><em>inusitatius</em></strong></span> <span class='ocrx_word' id='word_1_449' title='bbox 2649 4261 2695 4322; x_wconf 91' lang='lat' dir='ltr'>B</span> <span class='ocrx_word' id='word_1_450' title='bbox 2709 4268 2772 4323; x_wconf 83' lang='lat' dir='ltr'><strong><em>et</em></strong></span> <span class='ocrx_word' id='word_1_451' title='bbox 2788 4279 2948 4328; x_wconf 88' lang='lat' dir='ltr'><strong>corr.</strong></span> <span class='ocrx_word' id='word_1_452' title='bbox 2964 4262 3482 4326; x_wconf 82' lang='lat' dir='ltr'><strong><em>P.-attribuetur</em></strong></span> <span class='ocrx_word' id='word_1_453' title='bbox 3499 4266 3570 4328; x_wconf 90' lang='lat' dir='ltr'><strong><em>T.</em></strong></span> 
     </span>
    </p>

    <p class='ocr_par' dir='ltr' id='par_1_36' title="bbox 2118 4365 3573 4532">
     <span class='ocr_line' id='line_1_75' title="bbox 2203 4365 3573 4450; baseline 0.002 -22"><span class='ocrx_word' id='word_1_454' title='bbox 2203 4367 2262 4428; x_wconf 89' lang='lat'><strong><em>5.</em></strong></span> <span class='ocrx_word' id='word_1_455' title='bbox 2297 4384 2522 4447; x_wconf 82' lang='lat' dir='ltr'><strong><em>quoque</em></strong></span> <span class='ocrx_word' id='word_1_456' title='bbox 2562 4365 3028 4428; x_wconf 83' lang='lat' dir='ltr'><strong><em>commoditatem</em></strong></span> <span class='ocrx_word' id='word_1_457' title='bbox 3049 4367 3123 4430; x_wconf 87' lang='lat' dir='ltr'><strong><em>A.</em></strong></span> <span class='ocrx_word' id='word_1_458' title='bbox 3153 4400 3238 4414; x_wconf 92' lang='lat'>—</span> <span class='ocrx_word' id='word_1_459' title='bbox 3261 4368 3573 4450; x_wconf 72' lang='lat' dir='ltr'><strong><em>suqiamus</em></strong></span> 
     </span>
     <span class='ocr_line' id='line_1_76' title="bbox 2118 4471 2348 4532; baseline -0.009 0"><span class='ocrx_word' id='word_1_460' title='bbox 2118 4471 2240 4532; x_wconf 90' lang='lat' dir='ltr'><strong><em>AF.</em></strong></span> <span class='ocrx_word' id='word_1_461' title='bbox 2341 4473 2348 4478; x_wconf 84' lang='lat'><em>&#39;</em></span> 
     </span>
    </p>

    <p class='ocr_par' dir='ltr' id='par_1_37' title="bbox 2203 4572 3397 4656">
     <span class='ocr_line' id='line_1_77' title="bbox 2203 4572 3397 4656; baseline 0.003 -22"><span class='ocrx_word' id='word_1_462' title='bbox 2203 4575 2267 4635; x_wconf 88' lang='grc'><strong>9.</strong></span> <span class='ocrx_word' id='word_1_463' title='bbox 2316 4572 2507 4654; x_wconf 71' lang='lat' dir='ltr'><strong><em>iqitur</em></strong></span> <span class='ocrx_word' id='word_1_464' title='bbox 2549 4572 2667 4635; x_wconf 74' lang='lat' dir='ltr'><strong><em>erit</em></strong></span> <span class='ocrx_word' id='word_1_465' title='bbox 2706 4572 2932 4647; x_wconf 85' lang='lat' dir='ltr'><strong>PAFT,</strong></span> <span class='ocrx_word' id='word_1_466' title='bbox 2985 4591 3125 4656; x_wconf 75' lang='lat' dir='ltr'><strong><em>erqo</em></strong></span> <span class='ocrx_word' id='word_1_467' title='bbox 3168 4575 3286 4637; x_wconf 80' lang='lat' dir='ltr'><strong><em>erit</em></strong></span> <span class='ocrx_word' id='word_1_468' title='bbox 3325 4576 3397 4639; x_wconf 93' lang='lat' dir='ltr'><strong><em>B.</em></strong></span> 
     </span>
    </p>

    <p class='ocr_par' dir='ltr' id='par_1_38' title="bbox 2118 4676 3571 4844">
     <span class='ocr_line' id='line_1_78' title="bbox 2210 4676 3571 4760; baseline 0.005 -22"><span class='ocrx_word' id='word_1_469' title='bbox 2210 4677 2305 4739; x_wconf 90' lang='grc'><strong><em>10.</em></strong></span> <span class='ocrx_word' id='word_1_470' title='bbox 2350 4676 2657 4757; x_wconf 76' lang='lat' dir='ltr'><strong><em>qeneribus</em></strong></span> <span class='ocrx_word' id='word_1_471' title='bbox 2699 4696 2904 4739; x_wconf 85' lang='lat' dir='ltr'><strong><em>eorum</em></strong></span> <span class='ocrx_word' id='word_1_472' title='bbox 2945 4696 3174 4760; x_wconf 74' lang='lat' dir='ltr'><strong><em>semper</em></strong></span> <span class='ocrx_word' id='word_1_473' title='bbox 3202 4679 3319 4743; x_wconf 90' lang='lat' dir='ltr'><strong><em>PF.</em></strong></span> <span class='ocrx_word' id='word_1_474' title='bbox 3340 4708 3424 4725; x_wconf 90' lang='lat'><strong><em>-—-</em></strong></span> <span class='ocrx_word' id='word_1_475' title='bbox 3444 4698 3571 4744; x_wconf 88' lang='lat' dir='ltr'><strong><em>om·-</em></strong></span> 
     </span>
     <span class='ocr_line' id='line_1_79' title="bbox 2118 4781 2506 4844; baseline -0.005 -1"><span class='ocrx_word' id='word_1_476' title='bbox 2118 4781 2217 4843; x_wconf 75' lang='lat' dir='ltr'><strong><em>m’s</em></strong></span> <span class='ocrx_word' id='word_1_477' title='bbox 2259 4798 2387 4844; x_wconf 90' lang='lat' dir='ltr'><strong>om.</strong></span> <span class='ocrx_word' id='word_1_478' title='bbox 2436 4781 2506 4842; x_wconf 88' lang='lat' dir='ltr'><strong><em>F.</em></strong></span> 
     </span>
    </p>

    <p class='ocr_par' dir='ltr' id='par_1_39' title="bbox 2209 4883 3569 4966">
     <span class='ocr_line' id='line_1_80' title="bbox 2209 4883 3569 4966; baseline 0.005 -18"><span class='ocrx_word' id='word_1_479' title='bbox 2209 4888 2304 4953; x_wconf 86' lang='lat'><strong><em>11.</em></strong></span> <span class='ocrx_word' id='word_1_480' title='bbox 2346 4884 2564 4948; x_wconf 84' lang='lat' dir='ltr'><strong><em>debeat.</em></strong></span> <span class='ocrx_word' id='word_1_481' title='bbox 2611 4883 2873 4966; x_wconf 75' lang='lat' dir='ltr'><strong><em>Fiqurae</em></strong></span> <span class='ocrx_word' id='word_1_482' title='bbox 2916 4887 3215 4951; x_wconf 72' lang='lat' dir='ltr'><strong><em>orationis</em></strong></span> <span class='ocrx_word' id='word_1_483' title='bbox 3253 4895 3393 4954; x_wconf 66' lang='lat' dir='ltr'><strong><em>sum</em></strong></span> <span class='ocrx_word' id='word_1_484' title='bbox 3428 4898 3569 4956; x_wconf 77' lang='lat' dir='ltr'><strong><em>tres,</em></strong></span> 
     </span>
    </p>
   </div>
   <div class='ocr_carea' id='block_1_14' title="bbox 2696 4999 2736 5061">
    <p class='ocr_par' dir='ltr' id='par_1_40' title="bbox 2696 4999 2736 5061">
     <span class='ocr_line' id='line_1_81' title="bbox 2696 4999 2736 5061; baseline 0 0"><span class='ocrx_word' id='word_1_485' title='bbox 2696 4999 2736 5061; x_wconf 92' lang='grc'><strong>6</strong></span> 
     </span>
    </p>
   </div>
  </div>
 </body>
</html>
