4620 5864
1431 635 1540 701 AD
1584 634 1935 702 HERENN.
1985 640 2138 704 LlB.
2186 640 2266 707 11.
2360 641 2533 707 CAP.
2583 643 2877 709 24—27.

3554 640 3654 717 21

671 832 954 908 PBFRT,
999 850 1180 917 quam
1207 835 1387 899 malis
1411 835 1505 898 uti
1528 837 1603 900 A.
1646 833 1917 921 (reqibtes
1944 828 2125 922 quam
2199 859 2382 922 quwn
2418 841 2553 924 frui
2592 843 2673 916 R,
2719 862 2869 926 quae
2902 863 3005 925 eqo
3044 862 3179 908 mea
3207 830 3498 928 profiteor
3538 862 3661 911 esse

671 955 798 1001 om.
847 956 947 1023 pr.
982 938 1099 1019 A.)

756 1045 857 1106 11.
904 1050 960 1105 et
1003 1061 1131 1106 om.
1181 1046 1254 1106 Τ.
1318 1044 1325 1050 “

757 1148 855 1210 12.
889 1148 1220 1228 potentiam
1263 1165 1389 1212 om.
1419 1149 1493 1210 T.
1541 1182 1624 1194 -
1691 1151 1819 1212 eius
1863 1151 2020 1234 quod
2059 1153 2125 1215 id

663 1268 787 1315 non
825 1251 1051 1314 dicitur
1090 1253 1218 1314 sine
1260 1255 1336 1323 Ρ,
1383 1253 1513 1316 eius
1553 1253 1623 1316 de
1665 1274 1780 1336 quo
1808 1255 1875 1317 id
1900 1257 2126 1319 dicitur

664 1371 787 1417 non
827 1355 1052 1417 dicitur
1091 1355 1221 1418 sine
1260 1356 1399 1431 AF,
1472 1357 1599 1419 cites
1654 1358 1761 1440 qui
1814 1359 1962 1421 dicit
2000 1379 2124 1463 non

532 1459 913 1522 *sineT.

756 1564 856 1625 13.
905 1557 1033 1646 aut]
1079 1581 1152 1624 ac

658 1665 1027 1748 fen-sionibus
1069 1667 1241 1730 PFT.

754 1769 854 1833 14.
902 1776 969 1830 ut
1011 1787 1116 1833 om
1160 1771 1277 1835 PF.

753 1875 853 1935 1⁷.
901 1871 1251 1957 describam]
1330 1875 1590 1938 scribam
1658 1876 1942 1949 PABFR,
2029 1876 2125 1940 di-

665 1994 798 2039 cam
849 1980 917 2040 T.

752 2081 852 2142 19.
901 2080 1104 2143 attulit
1168 2082 1338 2145 PBR.
1408 2112 1484 2129 —-·
1556 2082 1949 2165 defensionem
1998 2086 2116 2148 PF.

660 2182 1088 2265 (definitionem
1129 2204 1254 2267 mg.
1290 2182 1391 2267 P.)

745 2288 847 2351 20.
890 2296 1114 2369 arqdat
1154 2296 1220 2351 et‘
1248 2291 1340 2351 ita
1380 2291 1542 2353 dicat
1583 2310 1679 2376 pr.
1726 2293 1809 2364 Ρ,
1874 2301 2116 2373 arquat.

661 2391 822 2453 dicat
848 2393 946 2455 FT
990 2397 1053 2455 et
1080 2409 1248 2455 corr.
1284 2394 1361 2465 P,
1405 2396 1615 2475 arquit
1646 2404 1700 2457 et
1727 2395 1889 2458 dicat
1918 2398 2009 2459 ita
2037 2398 2109 2460 B.

745 2497 850 2557 21.
899 2506 1020 2557 esse
1062 2513 1190 2558 om.
1226 2497 1301 2558 T.
1352 2529 1429 2542 —
1476 2494 1552 2579 ei]
1602 2499 1731 2560 eius
1771 2500 1841 2566 T.

745 2599 849 2661 22.
898 2595 1034 2681 sibi]
1080 2600 1166 2661 ibi
1206 2600 1276 2661 F.
1324 2633 1407 2646 —
1445 2601 1655 2682 feccrit
1691 2604 1928 2684 furtum
1969 2605 2041 2671 R.

747 2702 851 2764 23.
901 2704 1130 2765 soluere
1170 2703 1245 2781 T,
1280 2736 1357 2749 —
1404 2707 1671 2767 convenit
1691 2726 1725 2768 o
1748 2725 2021 2769 censores
2042 2710 2113 2771 T.

746 2806 851 2869 24.
899 2806 1181 2868 nobisT.
1236 2839 1313 2852 —
1379 2827 1567 2870 exeo
1618 2826 1745 2872 om.
1794 2809 1859 2877 P.
1916 2846 1991 2858 —
2059 2833 2121 2874 sc

661 2924 786 2973 om.
834 2911 907 2972 R.
957 2944 1041 2958 -
1094 2906 1381 2994 potuisse]
1440 2931 1620 2994 posse
1684 2915 1766 2988 Β,
1822 2923 1977 2997 potu
2035 2915 2118 2999 (in

661 3012 784 3078 fine
827 3012 1066 3097 versus)
1113 3017 1185 3077 T.

742 3121 848 3182 25.
894 3120 1082 3201 suerit
1122 3120 1245 3181 ΡΒ.
1293 3152 1378 3165 -
1427 3120 1664 3197 Quodsi
1704 3121 1826 3183 FT.

746 3224 848 3285 26.
893 3224 1028 3285 idne
1058 3219 1316 3305 tribuno]
1365 3224 1434 3286 de
1463 3224 1629 3286 omni
1658 3226 1897 3288 tribuno
1928 3244 2023 3310 pr.
2048 3227 2114 3303 P,

658 3326 724 3388 id
763 3327 1001 3407 tribuno
1044 3329 1170 3389 AF.
1220 3326 1386 3401 (idne
1428 3329 1666 3391 tribuno
1710 3348 1877 3393 corr.
1913 3328 2018 3413 P.)

743 3431 845 3493 29.
890 3427 990 3513 sit]
1040 3432 1129 3493 sic
1171 3432 1239 3493 P.

741 3535 849 3595 31.
899 3542 1099 3614 aperte
1140 3536 1299 3597 aiax
1337 3533 1512 3617 fatur
1551 3537 1624 3599 B.

742 3638 846 3700 32.
900 3637 1034 3699 Tali
1089 3638 1214 3719 suit
1272 3634 1525 3716 (mediis
1569 3636 1845 3718 omissis)
1904 3658 2000 3726 pr.
2031 3644 2112 3717 P,

656 3740 798 3802 talis
850 3741 971 3821 suit
1025 3759 1123 3824 pr.
1169 3741 1271 3802 AF
1316 3749 1378 3805 et
1422 3760 1590 3805 corr.
1626 3744 1706 3816 Ρ,
1772 3746 1914 3807 talis
1964 3749 2108 3828 fuit.

657 3844 813 3906 iubet
854 3845 965 3907 tali
1003 3844 1145 3906 dari
1185 3864 1363 3907 arma
1404 3847 1602 3926 qualis
1643 3848 1748 3928 qui
1790 3851 1971 3928 qessit
1992 3853 2112 3931 suit

656 3964 823 4010 corr.
861 3952 911 4012 A
951 3954 1013 4010 et
1056 3966 1181 4030 mg.
1221 3949 1299 4021 F,
1359 3951 1469 4011 tali
1509 3951 1654 4013 dari
1695 3970 1872 4014 arma
1916 3954 2112 4033 qualis

654 4050 753 4112 ille
792 4052 895 4132 qui
935 4051 1115 4133 qessit
1157 4052 1298 4113 talis
1334 4053 1457 4134 [uit
1500 4055 1571 4115 T.

739 4156 842 4217 33.
892 4156 1072 4218 Hunc
1105 4174 1343 4218 versum
1370 4173 1499 4220 om.
1532 4173 1629 4242 pr.
1663 4157 1736 4219 A.
1775 4193 1847 4204 —-
1880 4179 2107 4242 perqa·

654 4275 817 4320 mum
860 4277 960 4343 pr.
1002 4258 1072 4320 P.

737 4364 838 4426 34.
882 4380 1065 4444 quam
1120 4383 1227 4444 eqo
1270 4383 1361 4426 mc
1392 4366 1685 4446 profiteor
1724 4387 1846 4429 esce
1886 4387 2101 4430 meam.

653 4471 739 4524 est
779 4484 945 4528 ecum
980 4467 1115 4548 snei
1155 4469 1201 4529 P
1218 4515 1234 4539 ,
1304 4487 1455 4548 quae
1515 4489 1620 4552 eqo
1653 4473 1946 4552 profiteor
1988 4492 2109 4535 esse

652 4586 804 4629 mea.
853 4579 938 4632 est
965 4590 1177 4652 equum
1211 4572 1345 4653 frui
1376 4572 1428 4634 A
1442 4621 1459 4644 ,
1504 4593 1655 4655 quae
1699 4595 1802 4656 eqo
1825 4579 2112 4657 profiteor

652 4690 773 4732 esse
811 4690 963 4735 mea.
1011 4675 1108 4738 Mc
1136 4676 1293 4736 enim
1321 4682 1405 4738 est
1432 4696 1649 4758 equum
1671 4677 1807 4758 frui
1834 4681 1912 4754 Β,
1957 4700 2109 4761 quac

651 4794 756 4854 eqo
788 4778 1080 4855 profiteor
1117 4797 1239 4840 esse
1268 4797 1462 4842 meam
1489 4787 1575 4841 est
1602 4800 1855 4862 aequum
1876 4784 2010 4865 frui
2040 4786 2107 4856 F,

653 4896 802 4960 quae
832 4881 1124 4960 profiteor
1177 4899 1296 4944 esse
1351 4901 1504 4945 mea.
1550 4902 1643 4948 me
1685 4887 1843 4949 enim
1884 4896 1970 4950 cst
2010 4909 2110 4952 ae-

1193 1564 1319 1627 BR.
1379 1596 1464 1612 -
1518 1562 1978 1649 definitionibus]
2024 1567 2120 1629 de-

2198 965 2292 1009 me
2336 955 2420 1009 est
2470 966 2682 1029 equum
2716 949 2851 1030 frui
2895 950 2964 1012 T.

2285 1051 2388 1113 35.
2433 1053 2628 1114 armis
2672 1070 2795 1116 om.
2837 1036 3011 1115 PFT.
3143 1112 3166 1127 „

2285 1155 2387 1216 36.
2432 1157 2586 1236 quod
2615 1152 2826 1238 prop.]
2874 1157 3021 1238 quia
3051 1175 3233 1239 prop.
3277 1160 3349 1221 B.
3392 1192 3477 1206 —
3526 1160 3663 1222 uir-

2201 1265 2324 1319 tute
2367 1257 2448 1331 P,
2493 1259 2745 1321 uirtutis
2787 1261 3009 1327 ABFR.
3054 1294 3138 1309 -
3182 1263 3447 1325 remulus
3472 1280 3571 1349 pr.
3593 1266 3660 1339 P,

2202 1362 2473 1424 romulus
2514 1380 2683 1426 corr.
2718 1364 2800 1436 P,·
2847 1363 3074 1427 emulus
3116 1383 3249 1427 sum
3292 1368 3416 1429 BR.

2284 1542 2433 1623 Pag.
2460 1542 2564 1604 35.
2614 1561 2675 1606 v.
2699 1543 2772 1609 2.
2853 1563 2958 1617 ea,
3002 1539 3172 1627 quae]
3221 1552 3395 1627 atque
3429 1546 3655 1611 PAFT.

2199 1677 2283 1689 -
2324 1644 2556 1707 dixerit
2599 1653 2735 1709 ante
2776 1647 2874 1710 R..

2282 1748 2347 1809 3.
2419 1748 2557 1825 Qua
2614 1732 2798 1812 cau-§a
2855 1767 3124 1813 accusem
3182 1751 3466 1825 PABFR.
3540 1772 3660 1835 qua

2198 1868 2345 1913 caus
2385 1848 2518 1933 (sic)
2557 1872 2828 1915 accusem
2869 1855 2938 1917 T.
2981 1887 3059 1903 -
3124 1854 3364 1939 nequeo]
3418 1865 3545 1919 tum
3597 1859 3662 1921 id

2198 1953 2526 2019 PABFRT.
2586 1952 2828 2038 (nequeo
2884 1976 3111 2020 mecum
3167 1959 3231 2020 id
3267 1978 3402 2044 mg.
3433 1959 3531 2042 B.)
3572 1994 3657 2006 —

2199 2055 2562 2141 exputando]
2612 2061 2969 2141 disponendo
3011 2061 3113 2123 AF
3126 2107 3144 2134 ,
3192 2064 3535 2143 exponendo
3563 2065 3660 2127 uel

2198 2163 2543 2241 exputando
2586 2180 2677 2226 rc.
2728 2165 2809 2235 F,
2875 2165 3229 2246 disputando
3293 2169 3460 2229 cort.
3511 2168 3556 2229 P
3597 2175 3662 2231 et

2199 2282 2325 2346 mg.
2363 2269 2438 2338 B,
2496 2266 2852 2347 disputando
2892 2269 2988 2332 uel
3025 2269 3373 2349 exputando
3401 2273 3473 2333 Β.
3524 2267 3659 2353 (cx-

2186 2370 2458 2448 putando
2502 2389 2602 2453 pr.
2645 2371 2753 2448 P.)

2276 2473 2340 2536 4.
2384 2470 2537 2556 eum]
2602 2493 2738 2537 cum
2792 2477 2865 2538 T.
2924 2508 3002 2523 -
3077 2496 3317 2541 accuses
3380 2495 3549 2543 corr.
3579 2478 3659 2549 A.

2196 2575 2346 2639 item
2398 2597 2460 2641 v.
2495 2580 2557 2641 6.
2592 2611 2675 2623 —
2719 2576 2843 2662 qui]
2893 2580 3050 2663 quod
3092 2582 3166 2644 Β.

2280 2683 2341 2748 5.
2388 2681 2895 2747 Sinuerccundum
2944 2688 2990 2749 P
3004 2731 3022 2759 ‚
3082 2685 3154 2748 Si
3196 2686 3657 2755 inuerecundum

2196 2786 2374 2847 AFT.

2281 2890 2340 2952 6.
2385 2890 2529 2972 quid
2566 2898 2765 2954 autem
2798 2910 2933 2956 cum
2969 2911 3212 2957 accuses
3255 2913 3354 2978 pr.
3387 2895 3470 2968 P,
3513 2897 3657 2978 quid

2194 3011 2465 3056 accusem
2520 3015 2655 3058 eum
2722 2998 2769 3058 F
2773 2999 2898 3061 RT.
2969 2999 3137 3080 (quid
3183 3019 3329 3074 ‘eum
3386 3019 3654 3064 accusem

2195 3115 2363 3160 corr.
2404 3095 2503 3177 P.)
2548 3132 2631 3145 —
2675 3102 2779 3180 qui
2815 3097 2906 3183 id]
2955 3103 3101 3184 quid
3139 3121 3240 3186 pr.
3274 3103 3354 3175 P,
3415 3123 3550 3166 cum
3591 3106 3656 3183 id

2192 3202 2263 3263 R.
2312 3199 2441 3283 (qui
2487 3202 2553 3264 id
2595 3221 2762 3268 corr.
2807 3206 2917 3286 P.)
2954 3240 3037 3253 —
3079 3208 3354 3271 auditum
3399 3207 3521 3282 PT.
3569 3242 3652 3255 —-

2192 3305 2421 3368 estimet
2461 3307 2537 3370 Β.
2667 3335 2674 3346 ·
3379 3378 3390 3390 .

2275 3410 2338 3472 8.
2376 3418 2589 3490 postea
2625 3413 2781 3492 quod
2840 3414 2930 3476 ait
2981 3416 3027 3476 F
3080 3420 3142 3477 et
3184 3434 3353 3480 corr.
3405 3417 3480 3488 P,
3533 3435 3652 3497 po-

2190 3521 2316 3578 stea
2351 3515 2441 3577 ait
2490 3513 2747 3596 (omisso
2793 3516 3191 3601 pronomine)
3238 3524 3309 3584 T.

2276 3618 2335 3681 9.
2381 3638 2487 3698 eqo
2530 3638 2659 3683 om.
2713 3622 2788 3684 R.
2838 3655 2918 3666 —-
2975 3624 3104 3688 iam
3148 3642 3276 3686 om.
3324 3626 3399 3687 T.
3431 3656 3508 3667 -
3552 3625 3652 3687 de-

2192 3728 2395 3783 texam
2430 3724 2639 3785 ordine
2673 3726 2927 3788 exordio
2971 3745 3069 3811 pr.
3099 3729 3173 3791 B.

2279 3828 2376 3889 10.
2422 3827 2648 3890 dicitur
2693 3848 2814 3892 esse
2854 3830 3072 3893 iudicis
3097 3841 3311 3896 contra
3339 3833 3412 3901 Β.

2278 3931 2390 3993 11.
2422 3933 2477 3994 si
2524 3941 2632 3995 aut
2671 3934 2883 4014 plures
2914 3945 3127 4015 partes
3179 3955 3279 4021 pr.
3315 3941 3385 4002 Β.
3429 3973 3513 3986 -
3554 3941 3651 4003 illi

2189 4052 2316 4097 om.
2362 4040 2434 4099 T.

2277 4141 2378 4201 12.
2428 4141 2717 4204 eiusmodi
2744 4143 2867 4206 PB.
2902 4178 2985 4191 —
3029 4145 3289 4208 laeditur
3314 4147 3591 4213 PAFRT.

2276 4246 2373 4306 15.
2416 4244 2615 4330 inque]
2663 4249 2731 4309 in
2765 4267 2881 4328 quo
2912 4250 2979 4310 F.
3026 4284 3102 4296 —
3148 4253 3436 4314 eiusmodi
3467 4255 3584 4316 PB.

2274 4349 2374 4410 16.
2422 4367 2494 4410 ne
2554 4351 2634 4411 ad
2694 4349 2955 4432 (omisso
3015 4352 3144 4430 aut)
3197 4357 3270 4418 Τ.
3330 4390 3415 4403 -
3479 4354 3644 4441 quid]

2186 4451 2468 4532 quiddam
2501 4454 2581 4527 Β,
2627 4455 2861 4539 aliquid
2903 4461 2976 4522 Β.

2275 4568 2374 4629 19.
2419 4564 2522 4650 sit]
2543 4577 2631 4631 est
2649 4571 2927 4635 PAFRT.
2955 4602 3029 4614 —-
3053 4574 3452 4656 disputatione
3484 4579 3550 4640 in
3578 4579 3643 4643 P.

2270 4682 2375 4743 20.
2419 4684 2792 4747 consumitur
2821 4688 2873 4749 R
2905 4692 2966 4748 et
3001 4705 3099 4770 pr.
3126 4689 3193 4753 P.
3239 4690 3645 4770 (consumma-

2186 4792 2290 4845 tur
2322 4786 2402 4848 ab
2439 4785 2659 4849 eadem
2699 4805 2890 4853 manu
2936 4809 3101 4857 corr.
3139 4793 3241 4877 P.)

2274 4890 2372 4956 21.
2418 4889 2602 4977 ratio]
2639 4897 2931 4976 puryatio
2972 4897 3144 4961 AFT.
3201 4915 3212 4946 ι’
