4620 5864
1035 606 1136 675 18

1108 806 1256 889 Pag.
1292 806 1394 870 30.
1438 821 1501 866 V.
1552 807 1608 868 1.
1695 812 1833 867 sunt
1864 824 1961 869 res
2002 807 2074 870 R.
2105 836 2189 853 -
2229 801 2473 888 iudices]

1022 911 1293 973 uidelicet
1336 913 1387 974 T
1431 914 1494 972 et
1534 927 1633 993 pr.
1682 909 1749 972 F.
1796 944 1877 954 —-
1943 908 2251 993 homines]
2277 930 2476 974 omnes

1010 1014 1296 1078 PAFRT.
1340 1046 1424 1060 —
1468 1012 1771 1094 impellant
1803 1015 1885 1086 P,
1930 1015 2281 1097 compellunt
2305 1017 2430 1079 FT.

1106 1110 1167 1181 2.
1211 1119 1409 1199 inquit
1448 1117 1567 1179 PF.

1105 1224 1166 1286 3.
1210 1217 1444 1303 reliyio]
1492 1221 1772 1303 inreliqio
1817 1224 1867 1287 T
1911 1228 1973 1286 et
2014 1241 2183 1287 corr.
2224 1242 2319 1287 rc.
2352 1158 2471 1288 PF.

1021 1359 1105 1372 -
1144 1326 1360 1389 mortis
1401 1333 1590 1447 metus
1629 1328 1701 1394 B.
1755 1360 1839 1372 —-·
1903 1328 2049 1410 quid
2089 1329 2333 1451 imperii
2374 1347 2477 1390 cu-

1005 1430 1240 1513 piditas
1283 1448 1405 1497 om.
1448 1434 1523 1495 R.

1038 1538 1165 1599 -.4
1211 1536 1402 1598 multa
1444 1537 1516 1597 Β.
1565 1570 1649 1584 -
1717 1539 1869 1600 Item
1909 1539 2136 1601 uitiosa
2178 1537 2475 1619 eaepositio

1017 1637 1368 1725 (superscr.
1403 1640 1500 1703 uel
1541 1640 1937 1719 enumeratio)
1980 1649 2064 1704 est
2107 1644 2181 1704 T.

1101 1745 1164 1807 5.
1210 1744 1474 1808 dicemus
1516 1746 1589 1809 T.
1638 1780 1719 1792 —-
1784 1742 2071 1829 homines]
2131 1764 2331 1810 omnes
2371 1745 2476 1808 ho·

1016 1848 1207 1911 mines
1249 1849 1372 1914 PR.

1101 1954 1163 2015 6.
1211 1952 1440 2016 dixisse
1476 1953 1681 2034 suerat
1723 1955 1796 2018 T.
1846 1987 1929 2003 -
1972 1961 2028 2018 et
2071 1973 2197 2019 om.
2241 1955 2413 2018 PFT.

1100 2057 1159 2123 8.
1201 2057 1496 2120 nimirum
1537 2059 1614 2121 A.

1100 2162 1160 2225 9.
1205 2169 1401 2224 mater
1441 2170 1616 2244 atque
1646 2162 2013 2244 praeterisse
2043 2162 2219 2244 parit
2260 2179 2358 2245 pr.
2405 2161 2471 2235 P,

1013 2272 1206 2328 mater
1248 2285 1398 2347 quae
1422 2268 1600 2349 parit
1628 2284 1797 2331 corr.
1832 2267 1880 2328 P
1901 2313 1918 2340 ,
1961 2275 2158 2329 mater
2185 2273 2270 2328 est
2297 2274 2473 2348 atque

1011 2370 1311 2433 materies.
1362 2390 1434 2432 ea
1477 2371 1652 2452 parit
1712 2372 1791 2445 B,
1864 2378 2061 2434 mater
2116 2390 2266 2453 quae
2296 2370 2473 2452 parit

998 2475 1244 2555 pariter
1284 2474 1604 2537 immensas
1644 2475 1727 2551 F,
1769 2483 1963 2540 mater
1990 2482 2166 2558 atque
2192 2475 2474 2539 materies

1014 2595 1165 2659 quae
1195 2579 1373 2659 parit
1415 2582 1489 2644 R.

1040 2732 1043 2737 .
1103 2683 1204 2744 10.
1253 2691 1309 2745 et
1350 2701 1479 2746 om.
1514 2683 1844 2749 PABFRT.

1102 2787 1205 2850 11.
1251 2787 1635 2851 immoderate
1677 2781 1748 2852 F:
1797 2821 1880 2836 -
1923 2789 2066 2851 haec
2108 2790 2179 2852 A.

1099 2892 1201 2952 12.
1252 2889 1331 2954 ad
1350 2893 1503 2975 quod
1530 2894 1595 2957 id
1622 2894 1979 2976 maleficium
2004 2894 2256 2976 impellit
2274 2912 2373 2979 pr.
2401 2896 2467 2968 P,

1010 2993 1091 3058 ad
1131 2995 1289 3078 quod
1327 2998 1686 3078 maleficium
1726 3018 1848 3061 non
1888 3000 2137 3082 impellit
2179 3017 2349 3064 corr.
2391 3000 2462 3063 P.

999 3131 1093 3161 .-
1138 3099 1369 3163 inducti
1412 3103 1686 3168 auaritia
1727 3101 1854 3167 ΒΤ.

1097 3205 1199 3268 15.
1248 3205 1460 3287 quibus
1485 3239 1517 3254 -
1542 3240 1574 3253 -
1598 3205 1827 3271 -'conc.
1867 3217 1952 3273 est
1994 3228 2122 3274 om.
2156 3227 2255 3296 pr.
2292 3210 2368 3274 A.

1098 3310 1205 3373 17.
1248 3328 1453 3373 caesae
1504 3322 1696 3392 (cesae
1736 3310 1869 3396 AT)
1925 3315 2268 3378 cecidissem
2310 3314 2468 3378 abie-

1008 3427 1159 3504 qnae
1209 3414 1419 3478 AFRT
1483 3423 1547 3479 et
1599 3414 1665 3480 in
1720 3414 1962 3481 mediae
2028 3417 2204 3484 vocis
2261 3417 2466 3502 prima

1008 3514 1247 3603 syllaba
1275 3536 1444 3581 corr.
1473 3518 1552 3595 P,
1583 3538 1749 3584 cesae
1768 3522 2110 3584 cecidissent
2131 3523 2458 3604 abiyeneB.

1097 3623 1199 3684 18.
1244 3640 1431 3685 naues
1459 3641 1557 3707 pr.
1581 3625 1652 3687 P.
1693 3658 1777 3671 —
1812 3625 2103 3687 inchoans
2134 3626 2216 3699 A,
2262 3626 2467 3690 incho-

1009 3725 1229 3789 andiB
1182 3729 1252 3789 B.
1296 3724 1633 3813 (syllabam
1660 3726 1819 3791 dae
1799 3749 1865 3792 m
1893 3748 2113 3794 rasura
2144 3726 2333 3793 habet
2360 3727 2463 3807 P.)

1096 3831 1197 3892 19.
1247 3831 1712 3911 οφίεεοεΡΒΤ,
1756 3834 2081 3914 coepissent
2119 3835 2191 3897 F.
2231 3865 2317 3882 ——-
2358 3852 2468 3897 no-

1005 3935 1167 3996 mine
1208 3951 1336 3997 om.
1369 3934 1496 3999 BR.

1093 4039 1199 4101 20.
1248 4057 1368 4119 qua
1410 4035 1579 4122 (quia
1606 4036 1682 4117 F)
1726 4040 1936 4121 arqiui
1977 4043 2047 4104 in
2088 4040 2288 4105 eadem
2331 4043 2466 4105 lecti

1005 4143 1136 4206 uiri
1174 4143 1333 4204 necti
1364 4142 1641 4223 petebant
1669 4143 1888 4226 pellem
1929 4146 2056 4219 PF,
2101 4166 2222 4229 qua
2256 4148 2465 4229 arqiui

1882 607 2063 677 VAR.
2109 607 2333 672 LECT.
2375 606 2484 670 AD
2528 604 3159 671 RHETORICORUM

2553 805 2783 887 efferret
2812 805 3030 887 pellem
3070 804 3244 867 domo
3285 804 3335 865 B
3355 851 3372 878 ,
3443 821 3753 885 nunquam
3792 820 4012 866 errans

2551 911 2751 972 medea
2815 910 3053 990 efferret
3103 909 3313 990 pedem
3355 909 3435 980 F,
3508 926 3818 990 nunquam
3872 927 4005 971 mea

2552 1033 2765 1077 errans
2805 1013 3008 1076 medea
3048 1013 3280 1094 efferret
3308 1011 3521 1093 pedem
3561 1011 3735 1075 domo
3778 1014 3852 1074 T.

2634 1120 2740 1182 24.
2784 1118 2968 1181 Ηιιιιο
3022 1135 3275 1182 versum
3329 1121 3534 1179 totum
3586 1133 3713 1180 om.
3763 1116 3999 1203 PABT,

2552 1240 2755 1285 amore
2796 1242 2970 1284 saevo
3011 1222 3223 1284 saucia
3266 1238 3394 1285 om.
3429 1224 3504 1285 R.
3585 1219 3822 1299 (Medea
3864 1238 4007 1302 eyro

2550 1345 2755 1389 amore
2796 1327 3008 1389 saucia
3047 1344 3173 1409 mg.
3207 1324 3316 1404 P.)
3401 1322 3576 1388 Inter
3602 1321 3768 1388 hunc
3803 1329 3866 1387 et
3907 1341 4006 1387 se-

2551 1420 2845 1517 quentem
2886 1449 3140 1495 versum
3181 1431 3229 1493 F
3271 1426 3521 1492 inserit:
3568 1429 3805 1491 utinam
3844 1446 4000 1491 nun-

2549 1556 2729 1616 quam
2758 1536 2905 1599 hera
2939 1554 3156 1599 errans
3176 1553 3307 1596 mea
3328 1533 3561 1614 efferret
3570 1532 3780 1614 pedem
3798 1532 3994 1595 domo.

2635 1642 2740 1704 25.
2789 1648 2934 1703 esset
2988 1635 3162 1721 satis]
3231 1638 3383 1701 satis
3446 1643 3593 1699 esset
3647 1636 3875 1700 PABT.
3924 1670 4007 1684 —

2550 1753 2835 1808 curarent
2866 1753 3078 1827 poetae
3119 1745 3166 1806 P
3183 1792 3201 1817 ,
3247 1750 3491 1807 curaret
3515 1749 3700 1825 poeta
3728 1740 3861 1814 AF,
3906 1760 4010 1805 cu-

2551 1857 2784 1913 rassent
2814 1858 3027 1932 poetae
3070 1852 3142 1912 B.

2547 1948 2553 1955 ”
2632 1955 2738 2017 27.
2784 1951 2881 2037 ne]
2912 1975 2986 2017 ne
3014 1972 3229 2017 errans
3255 1972 3354 2038 pr.
3381 1952 3451 2015 P.
3485 1984 3568 1998 --
3596 1952 3743 2014 hera
3763 1969 3891 2015 om.
3921 1950 3998 2013 A.

2548 2091 2633 2105 —
2675 2077 2808 2121 mea
2847 2058 3022 2121 domo
3066 2077 3195 2123 om.
3229 2060 3359 2123 AR.
3410 2084 3490 2103 ⁶-
3534 2057 3763 2137 efferret
3797 2055 4008 2138 pedem

2548 2162 2720 2224 domo
2763 2163 2884 2231 BF.

2632 2267 2736 2331 28.
2781 2266 3004 2330 medea.
3061 2266 3311 2330 homodo
3368 2282 3549 2349 aeqro
3606 2283 3813 2327 amore
3861 2282 4005 2327 reuo

2545 2371 2759 2434 saucia
2800 2390 2899 2457 pr.
2933 2372 3013 2447 P,
3078 2372 3277 2435 medea
3319 2390 3500 2453 aeqro
3541 2388 3747 2432 amore
3787 2369 4000 2431 saucia

2545 2475 2698 2539 AFT
2740 2481 2803 2539 et
2845 2493 3013 2540 corr.
3046 2475 3125 2552 P,
3169 2476 3370 2540 medea
3398 2475 3601 2539 animo
3627 2491 3774 2556 cyra
3797 2491 4003 2537 amore

2545 2581 2756 2644 saucia
2801 2582 2926 2644 BR.

2629 2686 2734 2747 29.
2784 2684 3126 2765 repetitione
3165 2683 3241 2747 ab
3284 2684 3499 2747 ultimo
3544 2686 3616 2746 T.

2631 2790 2733 2853 30.
2776 2789 3225 2870 reprehensione
3267 2790 3369 2851 sed
3408 2790 3565 2851 sicut
3604 2787 3701 2849 PB
3719 2833 3737 2863 ,
3767 2798 3780 2809 ·
3799 2805 4001 2869 repre-

2543 2892 2820 2956 hensione
2861 2892 3107 2976 indiyet.
3155 2892 3255 2956 sed
3295 2893 3451 2955 sicut
3499 2895 3571 2956 T.

2627 2998 2779 3080 Pag.
2821 3000 2926 3062 31.
2976 3016 3037 3064 v.
3085 3001 3140 3062 1.
3228 2998 3329 3060 sed
3369 3016 3497 3062 om.
3541 2997 3712 3060 PBT.

2627 3103 2691 3165 5.
2738 3121 2970 3167 noscam
3012 3103 3168 3166 BRT
3212 3108 3290 3180 et,
3318 3119 3486 3166 corr.
3531 3102 3598 3165 P.
3961 3126 3967 3131 ·

2625 3207 2689 3269 6.
2737 3207 2999 3269 immane
3061 3206 3320 3269 ABFRT
3385 3212 3447 3271 et
3499 3223 3668 3269 corr.
3719 3204 3788 3266 P.
3849 3191 3998 3285 (im-

2539 3328 2715 3373 mune
2756 3328 2855 3396 pr.
2900 3308 3011 3392 P.)

2625 3417 2688 3479 7.
2737 3410 3119 3498 conducibile]
3168 3413 3528 3478 conducibile
3571 3421 3658 3478 est
3698 3367 3772 3478 R.

2624 3519 2686 3582 8.
2723 3521 3067 3601 propositio
3109 3538 3201 3584 rc.
3244 3520 3314 3583 F.

2626 3624 2923 3686 9.-meum
2964 3623 3136 3687 hodie
3177 3624 3406 3686 PABT.

2628 3727 2728 3789 10.
2779 3723 3225 3810 Concastiyabo]
3270 3727 3577 3809 castiqabo
3619 3744 3718 3813 pr.
3753 3730 3831 3799 T,
3874 3743 3997 3789 non

2538 3830 2838 3912 castiqabo
2881 3832 3085 3898 ABFR
3136 3837 3199 3894 et
3240 3850 3410 3895 corr.
3458 3833 3531 3894 T.
3590 3865 3675 3879 -
3746 3848 3995 3894 comme-

2538 3931 2684 4018 rita]
2732 3936 3058 3999 commissa
3094 3935 3423 4003 PABFRT.
3479 3970 3564 3983 -
3626 3953 3796 3999 noxa
3835 3934 3993 3998 BRT

2540 4046 2602 4103 et
2644 4057 2808 4104 corr
2841 4040 2909 4102 P.

2626 4145 2726 4205 12.
2776 4139 2938 4227 quid]
2987 4144 3144 4227 quod
3185 4146 3244 4208 T>
3281 4150 3344 4209 et
3385 4162 3485 4230 pr.
3532 4144 3603 4209 P.
3666 4176 3746 4189 —
3807 4160 3994 4208 causa

1004 4245 1164 4328 (uiri
1204 4241 1348 4309 add.
1382 4243 1582 4329 corr.)
1647 4248 1779 4310 lecti
1808 4250 2083 4332 petebant
2112 4252 2331 4332 pellem
2373 4251 2457 4325 A,
2531 4247 2695 4329 salsa
2738 4250 2811 4310 B.

1007 4368 1129 4431 quq
1171 4351 1377 4431 aryiui
1432 4351 1631 4413 dilecti
1669 4352 1799 4415 uiri
1840 4356 1995 4417 uecti
2023 4355 2303 4436 petebant
2331 4356 2462 4436 pel-

1007 4451 1120 4514 lem
1162 4455 1241 4525 B,
1315 4455 1462 4538 quia
1518 4456 1726 4537 aryiui
1780 4457 1848 4519 in
1900 4457 2100 4520 eadem
2162 4459 2276 4521 lati
2331 4459 2462 4521 uiri

994 4555 1269 4636 petebant
1299 4558 1515 4638 pellem
1557 4561 1630 4622 Τ.
1719 4560 1813 4625 De
1856 4562 1910 4623 R
1953 4558 2245 4626 Trossius
2290 4559 2452 4625 silet.

1009 4661 1247 4731 (Verba
1265 4662 1471 4740 aryiui
1496 4694 1528 4708 -
1544 4695 1575 4710 -
1594 4701 1628 4715 -
1654 4663 1811 4727 uecti
1831 4660 1898 4726 in
1920 4683 2139 4729 rasura
2157 4662 2459 4750 habetP.)

1088 4763 1196 4825 22.
1242 4763 1403 4827 Pelei
1443 4767 1519 4828 R.

2628 4353 2802 4415 13—
2821 4352 2918 4417 14.
2961 4329 3242 4418 Amor--
3255 4353 3992 4437 -hocmodoom.pr.AF.

2625 4455 2728 4519 13.
2774 4458 3050 4521 nascitur
3088 4460 3412 4522 uerissima
3450 4477 3543 4523 rc.
3580 4459 3649 4523 F.

2625 4562 2723 4625 15.
2770 4562 3110 4625 socordiam
3151 4563 3428 4627 PABRT.
3470 4595 3554 4610 —
3611 4556 3758 4644 nisi]
3803 4562 3871 4625 ni
3911 4561 3983 4623 Β.

2622 4665 2721 4727 16.
2771 4666 3030 4748 Itemque
3071 4665 3347 4730 PAFRT.

2541 4825 2548 4832 .
2616 4769 2761 4852 Peg.
2792 4770 2897 4831 32.
2946 4787 3006 4833 v.
3043 4771 3103 4832 1.
3192 4788 3459 4852 saa-oque
3500 4768 3731 4832 instare
3767 4771 3834 4833 in
3861 4768 3989 4851 qlo-

1090 4868 1197 4931 23.
1241 4885 1547 4951 nunquam
1603 4867 1751 4939 hera
1803 4887 2018 4939 errans
2072 4891 2205 4940 mea
2255 4875 2458 4942 medea
2531 4871 2632 4937 bos
2658 4892 2836 4956 posse
2862 4870 3069 4937 dicant
3092 4873 3342 4939 uolubili
3383 4873 3430 4934 P
3444 4916 3465 4947 ,
3509 4874 3764 4958 saxique
3790 4873 3990 4935 instar
