4620 5864
1338 615 1469 679 AD.
1520 602 1874 675 HERENN.
1922 596 2074 662 Lm.
2123 588 2228 656 IV.
2276 644 2281 647 .
2323 582 2497 649 CAP.
2546 571 2859 642 392-1423-
3460 550 3564 623 5⁹

2197 789 2303 851 30.
2318 766 2483 851 ‚Hoc
2508 794 2733 862 quoquc
2760 763 3228 835 commodissime
3248 754 3432 820 scribi
3450 770 3573 817 non

2192 899 2299 955 test
2347 892 2417 954 B.
2458 919 2542 933 -
2585 887 2857 962 apertum
2896 879 2980 934 est
3021 871 3095 932 R.

2204 1000 2306 1061 31.
2358 988 2694 1071 exemplum
2743 1000 2843 1064 pr.
2909 978 2955 1039 P
2973 1021 2992 1050 ,
3055 967 3322 1050 exemplo
3365 964 3470 1027 AT
3516 963 3581 1022 et

581 855 764 920 neque
799 834 1029 915 factum
1049 855 1082 873 -
1101 855 1133 870 -
1151 834 1274 884 non
1311 815 1499 900 fuerit
1543 827 1670 874 om.
1704 804 1779 865 R.
1813 832 1891 847 —
1910 815 2041 858 ma-

588 943 840 1026 leficium
870 942 977 999 aut
1006 933 1235 1013 factum
1271 918 1425 1004 quod
1450 933 1572 979 non
1599 927 1746 992 opus
1761 901 1949 988 suerit
1969 901 2040 961 T.
2106 915 2189 977 po

674 1057 778 1120 30.
826 1046 1127 1133 quaesitus
1167 1038 1249 1100 sit
1290 1042 1417 1097 tum
1457 1031 1532 1090 R.
1690 1050 1711 1064 =

2207 1207 2312 1269 33.
2360 1200 2439 1264 ad
2483 1218 2608 1260 om.
2643 1190 2916 1255 PBFRT.
2956 1215 3031 1230 -
3073 1122 3585 1243 Sermocinatione

2029 1333 2044 1349 ·
2125 1329 2245 1393 qua
2302 1326 2398 1391 pr.
2443 1303 2490 1365 P
2511 1348 2529 1375 ‚
2598 1288 3169 1361 sermocinationem
3211 1298 3391 1363 quam
3433 1276 3482 1339 F
3526 1276 3590 1335 et

682 1448 744 1510 2·
788 1406 1005 1504 θΰθῑθῑὲ)
1071 1436 1153 1494 ⁶⁸⁸
1209 1428 1283 1488 R·
1320 1419 1509 1505 ‘7⁴⁷²'st
1569 1415 1699 1496 iP⁸⁰
1763 1402 2050 1485 malefic&
2130 1435 2294 1479 corr.
2330 1412 2397 1481 P,
2443 1398 2877 1470 Sermocinatio
2907 1400 2992 1457 est
3031 1408 3212 1473 quam
3252 1385 3380 1446 RT.

2156 1578 2159 1581 .
2217 1516 2320 1580 34.
2362 1510 2571 1595 paullo
2595 1526 2720 1568 om.
2750 1503 2816 1569 F.
2838 1533 2922 1547 -
2952 1515 3060 1560 suo
3097 1494 3222 1555 loco
3255 1505 3379 1549 om.
3409 1484 3480 1546 P.
3508 1512 3592 1530 --

2134 1621 2288 1708 quod
2329 1618 2408 1682 ad
2449 1617 2602 1677 hanc
2645 1628 2772 1672 rem
2820 1604 2971 1667 satis
3012 1600 3091 1662 sit
3135 1591 3409 1659 PABFR.

2224 1728 2328 1788 36.
2370 1719 2618 1805 [acilius
2657 1706 2998 1791 recoynosci
3039 1703 3109 1764 P.

2226 1830 2375 1910 Pag.
2425 1825 2528 1888 92.
2576 1840 2636 1882 v.
2686 1817 2740 1877 1.
2810 1812 2914 1893 qui
2943 1828 3069 1873 om.
3104 1805 3206 1867 FR
3235 1807 3299 1865 et
3337 1820 3433 1881 pr.
3471 1794 3594 1858 PA.

2231 1936 2293 1998 2.
2343 1931 2432 1994 sic
2474 1945 2601 1989 om.
2648 1916 2976 1984 PABFRT.
3022 1944 3101 1958 --
3142 1905 3410 1991 loquitur
3446 1899 3603 1964 BRT

2237 2144 2300 2207 3.
2348 2079 2533 2203 „netto
2579 2151 2705 2195 om.
2753 2130 2826 2190 B.
3441 2163 3446 2167 .

2169 2662 2430 2728 honestis
2470 2660 2543 2721 T.
2578 2687 2658 2701 -
2683 2647 2994 2733 (moribus,
3024 2631 3456 2707 honestissimis
3494 2647 3623 2691 om.

2397 2784 2494 2847 pr.
2521 2762 2597 2834 A,
2629 2746 3066 2821 honestissimis
3089 2763 3217 2805 om.
3251 2734 3356 2815 R.)

2079 2924 2095 2942 .
2258 2873 2323 2936 7.
2371 2873 2612 2950 accepta
2634 2854 2792 2941 sunt]
2826 2851 3084 2934 accipies
3104 2846 3224 2908 PF.
3258 2875 3342 2888 —
3374 2838 3585 2917 Quia-
3604 2866 3637 2881 -

739 3029 837 3090 17.
884 3021 1148 3083 dicemus
1189 3029 1318 3073 rem
1358 3003 1534 3068 PBR.
2178 2978 2416 3060 sapiens
2453 2990 2581 3035 om.
2628 2969 2703 3030 R.
2731 2994 2813 3008 -
2845 2952 3028 3038 Quia]
3076 2953 3146 3014 in
3178 2948 3298 3021 PF,
3347 2961 3535 3028 quare
3560 2944 3634 3014 B,

739 3131 846 3195 18.
893 3141 1039 3186 nam
1079 3117 1242 3180 ida·
1261 3108 1531 3192 expolire
1561 3120 1688 3165 om.
1732 3097 1780 3159 F
1819 3097 1882 3157 et
1900 3109 1999 3175 pr.
2025 3089 2101 3149 A.
2182 3086 2331 3147 Item
2376 3080 2447 3142 T.
2470 3109 2554 3123 —
2581 3073 2853 3153 loquetur
2893 3062 3062 3124 PFT.

652 3271 736 3288 —
777 3232 842 3295 id
889 3225 1045 3311 quod
1087 3221 1349 3303 optinere
1390 3209 1725 3275 auditorem
1774 3206 1859 3262 est
1898 3196 1944 3257 P
1965 3241 1983 3268 ‚
2046 3190 2111 3253 id
2270 3187 2330 3248 9.
2368 3181 2507 3265 [uqi
2549 3184 2604 3241 et
2644 3176 2788 3237 item
2828 3167 2999 3231 PFT.

655 3336 969 3406 obtundere
1018 3336 1103 3392 est
1130 3322 1476 3388 'auditorem
1511 3314 1612 3375 BT
1630 3357 1649 3383 ,
1692 3305 1757 3368 id
1799 3298 2112 3367 obtundere
2276 3289 2377 3353 10.
2424 3285 2504 3349 ad
2547 3275 2992 3344 suscitationem
3033 3265 3152 3328 PF.

660 3444 996 3510 auditorem
1035 3440 1121 3495 est
1163 3430 1236 3490 R.
2277 3396 2380 3458 11.
2429 3377 2806 3470 cogitatione]
2843 3367 3275 3458 prouocatione
3318 3360 3438 3425 PF.

750 3548 851 3612 19.
900 3527 1272 3613 commutate]
1294 3516 1933 3591 commutareBRT.—
1947 3509 2119 3572 Com-
2283 3500 2383 3562 13.
2434 3492 2688 3559 studiose
2739 3503 2840 3567 pr.
2889 3481 2965 3541 A.

664 3640 1047 3726 mutabimus]
1081 3640 1446 3705 commutare
1475 3647 1572 3709 pr.
1600 3626 1677 3697 R,
1725 3610 2119 3684 Commutatio
2215 3652 2229 3669 .
2284 3604 2385 3667 16.
2434 3587 2703 3672 laudare]
2752 3585 2985 3651 laudem
3028 3582 3100 3641 R.
3122 3570 3451 3656 -possim
3469 3521 3648 3631 BRT.

662 3760 731 3843 fit
769 3760 815 3818 B
860 3758 923 3816 et
961 3768 1124 3811 corr.
1170 3744 1296 3805 AR.
2287 3708 2388 3770 17.
2436 3709 2591 3765 certe
2651 3693 2881 3759 ABFT.
2938 3719 3023 3734 -
3073 3699 3229 3746 ausu
3267 3678 3314 3739 P
3365 3681 3430 3739 et
3465 3689 3659 3753 supra

754 3860 860 3923 20.
910 3850 997 3936 re]
1036 3868 1133 3913 res
1176 3845 1351 3909 BFT.
1380 3853 1466 3887 --
1493 3828 1675 3913 dicta]
1728 3834 1811 3891 est
1844 3825 2006 3887 dicta
2044 3821 2119 3905 B,
2200 3829 2456 3880 versum
2499 3806 2570 3866 F.

761 3962 865 4025 21.
908 3957 1356 4021 eademresom.
1376 3936 1926 4019 T.--proferretur
1939 3945 2038 4008 pr.
2057 3922 2126 3983 P.
2292 3917 2394 3979 18.
2441 3906 2696 3974 dicundo
2737 3903 2860 3964 PT.

759 4069 864 4129 23.
912 4054 1142 4145 aqetur]
1190 4056 1484 4133 anyeatur
1526 4045 1600 4106 R.
2297 4021 2397 4083 19.
2446 4014 2546 4081 sed
2588 4002 2901 4073 tractando
2945 4016 3049 4062 om
3106 3995 3203 4056 PB
3255 4021 3338 4039 —-
3369 3993 3424 4051 et
3455 3999 3668 4048 exm-

761 4172 867 4248 24.
917 4173 1045 4230 erat
1084 4154 1419 4225 rationibus
1457 4143 1734 4239 praedito
1775 4141 1848 4201 T.
2210 4123 2491 4190 citatione
2534 4135 2638 4179 om
2709 4112 2757 4174 F

1646 4248 1658 4260 '
2296 4229 2404 4291 20.
2451 4222 2707 4286 dicimus
2749 4216 2800 4276 T
2864 4209 3136 4300 diximus
3159 4204 3208 4266 B
3268 4233 3341 4247 --
3381 4195 3674 4279 plurimis

763 4276 865 4339 25.
896 4267 1218 4353 fuqendum
1244 4261 1315 4323 P.
1344 4291 1421 4302 -
1440 4257 1684 4335 putauit
1726 4264 1824 4327 pr.
1872 4240 1942 4302 P.

767 4381 875 4441 27.
924 4367 1070 4453 tum]
1120 4385 1255 4431 cum
1297 4357 1573 4426 PABFR.
1738 4389 1739 4392 =

716 4537 729 4548 2
771 4482 877 4545 28.
923 4486 1096 4558 atque
1138 4471 1262 4534 alio
1306 4485 1433 4529 om.
1481 4463 1554 4524 R.

774 4586 878 4648 29.
909 4574 1404 4664 pronuntiatione
1446 4566 1544 4629 BF
1591 4566 1655 4625 et
1698 4576 1860 4622 corr.
1910 4551 1986 4614 A.

774 4689 878 4752 29.
923 4679 1351 4747 inmutarimus
1400 4673 1446 4734 P
1464 4717 1483 4746 ,
1530 4658 2054 4731 immutaverimus
2094 4653 2148 4713 R

693 4801 759 4859 et
799 4813 898 4875 pr.
947 4791 1024 4862 A,
1083 4789 1095 4801 ⁶

697 4918 880 4978 corr„
910 4889 1010 4976 A.)

2215 4335 2389 4398 PFT.

2252 4447 2255 4450 ’
2301 4439 2410 4500 21.
2458 4428 2788 4511 simplicem
2827 4424 2902 4484 T.
2929 4453 3012 4466 —-
3024 4409 3559 4499 pronuntiaremus
3581 4421 3677 4484 pr.

2223 4546 2292 4618 P,
2330 4531 2859 4623 pronuntiarimus
2902 4544 3065 4588 corr.
3113 4519 3184 4580 P.

2308 4646 2414 4709 22.
2462 4638 2755 4721 duplicem
2780 4632 2958 4694 PRT.
2988 4659 3073 4674 —
3091 4609 3514 4704 pronumiare]
3532 4629 3682 4696 pro-
