4620 5864
993 604 1102 677 44

997 804 1512 886 tamdiqnitatem
1565 802 1687 865 ΡΤ.
1752 835 1837 849 -—
1890 802 2152 884 efficiunt
2200 804 2352 866 BFT
2403 810 2467 865 et

1000 930 1166 971 corr.
1223 909 1292 970 P.

1082 1014 1186 1076 29.
1237 1010 1654 1074 exornationis
1688 1030 1787 1091 pr.
1836 1009 1906 1072 P.
1934 1019 2175 1091 -post
2214 1030 2343 1072 om.
2378 1012 2451 1072 Β.

999 1147 1075 1159 -
1111 1113 1439 1198 loquemur]
1471 1133 1782 1197 queremus
1804 1115 1851 1176 F
1876 1121 1940 1178 et
1967 1136 2064 1196 pr.
2100 1119 2173 1178 A.
2208 1148 2288 1159 —-
2317 1132 2459 1176 rare

998 1222 1397 1302 disponuntur
1434 1221 1506 1280 T.

1040 1327 1145 1388 30.
1168 1324 1366 1387 crebre
1378 1316 1802 1403 T.-oblitam]
1820 1322 2118 1402 obliquam
2128 1320 2453 1385 PABFRT.

1078 1430 1188 1492 31.
1238 1427 1487 1489 reddunt
1509 1426 1785 1489 PABFT.
1813 1459 1897 1472 —
1919 1434 2283 1488 commutare
2315 1428 2363 1487 T
2396 1433 2457 1490 et

998 1554 1096 1616 pr.
1146 1533 1216 1594 P.
1498 1584 1506 1591 .

1084 1637 1233 1718 Pag.
1279 1638 1383 1699 69.
1428 1656 1489 1698 v.
1537 1636 1594 1697 1.
1685 1633 1842 1697 debet
1871 1654 1969 1715 pr.
2003 1633 2079 1696 A.

1085 1742 1145 1804 2.
1190 1741 1346 1803 debet
1378 1759 1543 1802 corr.
1577 1741 1654 1800 A.
1685 1771 1761 1784 —
1788 1738 2092 1800 commoda
2126 1756 2244 1800 om.
2268 1738 2340 1799 F.

1006 1894 1013 1903 .
1085 1847 1145 1909 3.
1191 1839 1528 1924 admodum]
1562 1842 1641 1905 ad
1667 1843 2035 1905 commodum
2062 1862 2152 1906 rc.
2188 1861 2355 1904 corr.
2382 1841 2454 1904 P.

1001 1982 1085 1998 -
1109 1948 1376 2011 oratoris
1397 1949 1599 2010 BFRT
1635 1952 1697 2008 et
1726 1966 1891 2009 corr.
1919 1945 1988 2008 P.

1088 2055 1153 2116 4.
1202 2053 1359 2115 debet
1400 2053 1467 2113 in
1506 2071 1566 2112 se
1613 2052 1685 2111 T.

1090 2160 1152 2220 6.
1200 2158 1367 2219 Haec
1396 2157 1461 2218 in
1492 2156 1599 2217 lat.
1627 2162 1682 2216 et
1710 2154 1872 2235 expl.
1907 2153 2288 2216 distribuitur
2318 2156 2389 2216 Β.

1089 2264 1152 2324 9.
1201 2269 1285 2323 est
1328 2279 1453 2323 om.
1499 2258 1770 2321 F.—in
1812 2276 1938 2320 om.
1989 2276 2085 2341 pr.
2134 2257 2203 2319 P.

1094 2368 1192 2428 10.
1237 2365 1511 2445 superius
1534 2381 1629 2446 pt.
1665 2362 1734 2423 P.
1767 2394 1841 2407 —·
1868 2380 2003 2424 cum
2030 2363 2099 2424 in
2118 2362 2364 2426 uerbum
2385 2365 2456 2425 B.

1096 2470 1197 2531 11.
1246 2469 1534 2549 efferatur
1568 2482 1663 2550 pr.
1706 2467 1776 2529 P.
1810 2500 1895 2513 -
1923 2462 2062 2549 qua]
2096 2486 2247 2549 quae
2280 2471 2351 2531 Β.
2379 2500 2463 2514 -

994 2592 1319 2655 possumus
1361 2572 1430 2633 P.

1096 2678 1197 2738 12.
1245 2675 1498 2738 dilucide
1529 2695 1656 2736 om.
1689 2674 1762 2737 A.
1786 2708 1870 2724 -
1894 2676 2189 2738 discemus
2207 2676 2389 2739 ABT.

1097 2781 1198 2842 13.
1248 2780 1539 2842 rationem
1562 2781 1683 2843 PT.
1716 2812 1792 2825 —
1816 2775 2030 2862 verbis]
2063 2780 2234 2842 rebus
2263 2780 2333 2841 F.

1098 2879 1198 2952 14.
1244 2891 1295 2946 et
1325 2884 1659 2948 om.AFT.
1755 2884 1855 2947 15.
1905 2884 2231 2947 cottidiana
2261 2884 2391 2947 AT.
2523 2887 2531 2895 ‘

984 2981 994 2990 ’
1097 2991 1198 3051 16.
1249 2989 1567 3069 loquamur
1601 2989 1674 3061 B,
1723 2987 2025 3068 loquimur
2067 2990 2195 3052 ΒΤ.

1096 3094 1197 3156 17.
1250 3091 1610 3172 Compositio
1661 3098 1746 3152 est
1798 3091 2117 3154 uerborum
2163 3102 2467 3156 construc-

1008 3196 1192 3258 tionis
1220 3195 1607 3278 aequabiliter
1626 3195 1958 3275 perpolitae
1986 3195 2055 3270 P,
2106 3198 2466 3278 Compositio

1010 3309 1095 3362 est
1117 3300 1435 3362 uerborum
1462 3300 1823 3362 constructio
1845 3299 2232 3380 aequabiliter
2254 3299 2468 3381 (equa-

1009 3405 1147 3466 liter
1170 3403 1252 3484 T)
1283 3404 1579 3484 pevpolita
1607 3405 1702 3465 FT
1740 3411 1803 3465 et
1832 3425 1929 3484 pr.
1969 3404 2059 3477 A,
2107 3405 2467 3484 Compositio

1010 3515 1094 3569 est
1126 3526 1234 3587 que
1262 3507 1413 3586 facit
1446 3525 1645 3570 omnes
1665 3516 1879 3587 partes
1906 3508 2204 3572 orationis
2231 3507 2470 3587 equabi-

1010 3611 1147 3672 liter
1192 3610 1509 3672 uerborum
1552 3612 1913 3673 constructio
1937 3610 2302 3690 *equabiliter
2330 3630 2468 3690 per-

1004 3714 1227 3794 politas
1256 3733 1422 3775 corr.
1468 3718 1537 3786 A,
1592 3709 1956 3794 Compositio
2000 3723 2083 3775 est
2123 3733 2272 3795 quae
2319 3715 2469 3794 facit

1010 3837 1210 3884 omnes
1237 3825 1443 3897 partes
1479 3817 1773 3878 orationis
1802 3815 2192 3896 aequabiliter
2204 3817 2472 3897 perpoli-

1006 3930 1106 3982 tas
1142 3922 1212 3982 B.
1287 3921 1617 4002 vulgatam
1666 3920 2002 3982 lectionem
2054 3921 2316 3983 exhibet
2373 3922 2463 3995 R,

1011 4022 1132 4087 nisi
1165 4020 1336 4107 quod
1366 4024 1558 4087 habet
1576 4024 1904 4104 perpolitus
1923 4025 2275 4104 aequaliter.

1101 4128 1199 4191 18.
1243 4128 1553 4208 suqiumus
1576 4124 1703 4209 (sic)
1722 4145 1819 4210 pr.
1839 4128 1910 4200 F,
1938 4127 2205 4208 suqimus
2220 4128 2461 4190 corr.F.

1094 4232 1199 4292 20.
1247 4231 1358 4292 hoc
1391 4227 1495 4312 est]
1528 4231 1672 4293 haec
1706 4241 1789 4293 est
1820 4232 2096 4304 PABFT,
2144 4241 2229 4292 est
2249 4232 2359 4293 hoc
2387 4233 2461 4293 Β.

1009 4369 1094 4383 -
1118 4353 1334 4396 uaccae
1366 4336 1483 4406 FT,
1518 4354 1616 4415 pr.
1650 4336 1759 4396 ΑΒ
1797 4343 1860 4397 et
1900 4356 2061 4398 corr.
2104 4336 2176 4409 P,
2231 4336 2369 4397 bace
2391 4337 2462 4396 B.

1012 4434 1252 4518 (baccae
1284 4458 1383 4519 pr.
1417 4438 1463 4498 P
1501 4445 1563 4500 et
1596 4457 1758 4502 corr.
1784 4438 1941 4519 AR).
1984 4472 2068 4485 —
2111 4458 2319 4510 aereae
2353 4439 2466 4512 PF,

1013 4559 1179 4605 ereae
1225 4542 1300 4604 A.

1099 4648 1205 4707 21.
1255 4647 1371 4708 erit
1391 4646 1488 4707 hic
1517 4647 1588 4706 B.
1680 4646 1785 4714 22.
1833 4640 1951 4727 hic]
1985 4646 2094 4708 hoc
2122 4647 2193 4706 Β.

1851 603 2033 666 vAR.
2081 602 2464 667 mersu
2509 588 3148 668 Rumomeonmu

2624 804 2726 870 25.
2773 804 3053 885 cuiquam
3094 799 3269 886 quod]
3332 823 3683 887 quemquam
3731 824 3959 888 quemq.

2540 907 2729 988 quisq.
2764 908 2830 978 P,
2873 926 3225 989 quemquam
3261 909 3668 997 quisque-AF,
3713 929 3993 991 quemque

2535 1012 2779 1092 quisque
2801 1013 2886 1086 Β,
2914 1031 3265 1094 quemquam
3286 1031 3516 1093 qmmq.
3543 1013 3678 1095 quis
3700 1014 3771 1088 Β,
3795 1032 3994 1095 quem-

2534 1134 2714 1195 quam
2742 1116 2876 1197 quis
2906 1117 2978 1177 T.
3011 1147 3089 1158 —
3113 1116 3418 1177 conueniet
3447 1116 3514 1182 F.

2618 1221 2721 1281 26.
2772 1219 3186 1280 assiduitatem
3213 1220 3470 1303 eiusdem
3505 1220 3674 1283 uerbi
3706 1222 3779 1282 Β.
3818 1255 3895 1269 -
3924 1243 3995 1284 ea

2533 1332 2616 1385 est
2647 1319 3016 1404 huiusmodi]
3043 1313 3359 1395 'eiusmodi
3410 1324 3567 1400 (om.
3611 1342 3682 1385 ea
3719 1325 3834 1402 est)
3888 1327 3992 1386 AB

2534 1432 2598 1488 et
2640 1444 2738 1510 pr.
2786 1427 2852 1501 P,
2898 1426 3232 1488 cuiusmodi
3268 1423 3422 1508 (om.
3464 1446 3536 1488 ea
3563 1427 3679 1508 est)
3719 1429 3789 1502 F,
3837 1429 3996 1501 eius,-

2532 1524 2693 1592 modi
2738 1539 2821 1592 est
2856 1528 3018 1609 (om.
3066 1532 3166 1611 ea)
3212 1531 3285 1594 R.
3328 1529 3432 1610 (ea
3460 1538 3545 1595 est
3582 1532 3870 1596 eiusmodi
3900 1551 3988 1595 rc.

2533 1654 2697 1713 corr.
2735 1634 2838 1711 P.)

2619 1741 2723 1801 27.
2772 1739 2936 1801 ratio
2977 1758 3099 1801 non
3139 1735 3244 1821 est]
3294 1724 3591 1803 rationem
3627 1739 3699 1813 F,
3747 1757 3869 1801 non
3912 1747 3994 1802 est

2535 1845 2696 1905 ratio
2740 1842 2814 1904 R.

2618 1948 2721 2009 30.
2773 1941 3139 2027 obtestantes]
3182 1945 3662 2008 commiserantes
3692 1962 3873 2029 ,cor-r.
3919 1944 3991 2018 A,

2536 2069 2665 2112 om.
2694 2050 2740 2111 F
2772 2056 2835 2113 et
2868 2069 2966 2129 pr.
3000 2048 3073 2110 A.
3199 2114 3208 2121 .

2620 2154 2722 2215 31.
2766 2151 3538 2214 &auctionem-uerborum
3566 2154 3637 2214 Τ.

2619 2256 2725 2318 32.
2777 2251 3066 2337 Lucilius]
3111 2255 3329 2321 coelius
3360 2257 3426 2329 P,
3471 2255 3654 2318 celius
3678 2256 3778 2317 FT
3802 2263 3864 2318 et
3893 2275 3989 2340 pr.

2537 2361 2626 2435 A,
2674 2360 2914 2423 cecilius
2957 2360 3060 2420 BR
3101 2364 3165 2421 et
3207 2377 3372 2422 corr.
3420 2360 3496 2420 A.

2623 2466 2726 2530 33.
2774 2459 2904 2546 hoc]
2931 2463 3074 2524 haec
3095 2462 3239 2525 PBF
3267 2469 3329 2525 et
3357 2481 3454 2547 pr.
3482 2463 3646 2525 A.—
3662 2472 3744 2526 est
3766 2484 3895 2526 om.
3922 2467 3992 2528 B.

2538 2568 2845 2650 —priori
2888 2569 2959 2629 B.
3979 2642 3993 2647 ,

2625 2673 2729 2736 34.
2778 2673 2912 2735 Has
2955 2690 3051 2734 res
3094 2670 3175 2733 ad
3217 2666 3291 2754 te]
3337 2693 3378 2734 a
3420 2681 3473 2735 te
3514 2672 3626 2735 lias
3671 2692 3767 2735 res
3806 2675 3879 2738 Β.
3907 2707 3991 2720 -

2540 2778 2661 2841 luci
2688 2778 2993 2840 emisimus
3016 2776 3085 2837 T.
3107 2808 3191 2821 —
3212 2771 3366 2858 Aeli]
3395 2777 3498 2838 adi
3527 2779 3595 2851 F,
3641 2778 3719 2840 eli
3748 2780 3820 2840 T.

2625 2884 2726 2947 37.
2771 2882 3067 2966 reliquum
3114 2880 3373 2946 rationis
3415 2900 3587 2965 opere
3632 2902 3995 2947 consumen—

2539 2988 2682 3050 dum
2725 2989 2797 3051 T.

2625 3093 2728 3155 38.
2776 3085 3082 3174 varietate]
3132 3099 3186 3153 et
3225 3091 3521 3153 uarietate
3566 3093 3638 3153 B.
3666 3127 3750 3140 —
3786 3093 3998 3156 distin-

2538 3191 2742 3278 quens]
2776 3195 3090 3277 distinquit
3118 3195 3167 3256 Β
3215 3200 3276 3256 et
3301 3212 3467 3257 corr.
3517 3196 3592 3257 A.

2627 3298 2775 3380 Pag.
2826 3299 2929 3360 70.
2978 3319 3039 3360 v.
3095 3299 3149 3361 1.
3218 3298 3383 3359 Haec
3412 3305 3465 3360 et
3502 3299 3568 3360 in
3595 3300 3717 3362 FT.
3744 3334 3828 3347 —
3849 3309 3902 3362 et
3931 3301 3997 3362 in

2540 3403 2964 3465 sententiarum
3036 3402 3181 3465 PBF
3186 3404 3259 3466 Β.
3327 3436 3410 3446 --
3468 3404 3860 3468 exornatione
3917 3407 3990 3477 P,

2542 3506 2962 3568 exornationes
3003 3509 3075 3570 B.

2626 3612 2687 3673 3.
2737 3618 2818 3671 est
2859 3630 2987 3673 om.
3033 3610 3079 3672 F
3122 3614 3186 3671 et
3224 3628 3323 3694 pr.
3368 3610 3443 3679 A.

2625 3715 2690 3777 4.
2739 3713 2910 3775 rebus
2934 3714 3083 3794 ipsis
3108 3716 3183 3776 R.
3211 3747 3293 3759 —
3315 3713 3687 3793 diynitatem.
3720 3716 3807 3778 Μ.
3842 3715 3998 3778 Tulli

2545 3818 2847 3880 Ciceronis
2884 3817 2964 3879 ad
3000 3818 3346 3880 herennium
3390 3818 3488 3880 lib.
3526 3820 3679 3881 1111.
3719 3819 3989 3898 explicit.

2547 3922 2760 4003 Incipit
2790 3921 2936 3983 liber
2974 3922 3036 3983 V.
3065 3922 3343 4001 feliciter.
3371 3922 3460 3984 De
3479 3923 3793 3985 uerborum
3814 3939 3996 3984 exor-

2542 4026 2800 4088 natione.
2847 4026 3131 4105 Repetitio
3172 4035 3255 4086 est
3300 4025 3345 4086 P
3378 4032 3441 4087 et
3469 4027 3756 4089 similiter
3785 4027 3854 4087 F.

2629 4132 2690 4192 5.
2737 4146 2856 4190 uno
2887 4129 3191 4209 eodemque
3222 4129 3401 4192 uerbo
3433 4131 3504 4192 T.

2628 4233 2688 4293 6.
2738 4232 2911 4294 modo
2939 4233 3163 4320 prauis
3191 4233 3359 4294 uobis
3388 4234 3455 4296 F.
3501 4231 3750 4296 Scilicet
3779 4233 3995 4313 qrauis

2543 4337 2794 4419 irrepsit
2844 4357 2879 4399 e
2931 4336 3236 4419 margine.

2626 4443 2689 4503 7.
2739 4437 2915 4522 istud]
2949 4441 3153 4520 qratia
3172 4440 3312 4502 hinc
3333 4442 3406 4503 R.
3445 4476 3527 4487 -
3559 4448 3639 4503 est
3667 4448 3812 4502 ante
3835 4440 3996 4502 vobis

2546 4564 2674 4606 om.
2713 4546 2783 4609 T.
2805 4576 2887 4588 —
2917 4545 3035 4604 ista
3066 4562 3162 4605 res
3190 4545 3518 4624 PABFRT.

2628 4649 2690 4710 8.
2739 4643 3151 4727 Numantiam]
3185 4649 3509 4710 numetiam
3538 4665 3631 4730 pr.
3663 4649 3827 4714 P.—
3855 4648 3997 4709 kar-

1098 4750 1202 4811 23.
1252 4756 1390 4823 tute,
1432 4744 1589 4830 Tati]
1624 4756 1740 4811 tate
1782 4757 1901 4812 tute
1934 4750 2005 4825 P,
2046 4758 2165 4811 tute
2200 4746 2470 4829 (omisso
2546 4752 2806 4830 taqinem
2844 4752 2962 4821 AF,
3004 4751 3412 4832 chartaqinem
3442 4753 3514 4813 T.

1011 4851 1185 4933 Tati)
1216 4853 1286 4927 F,
1334 4859 1455 4914 tute
1490 4861 1609 4914 tate
1644 4855 1717 4915 R.

2635 4856 2735 4917 10.
2785 4863 2850 4916 tu
2877 4851 3084 4936 lucem]
3117 4855 3253 4918 tulit
3277 4873 3398 4918 esse
3420 4854 3490 4915 F.
