4620 5864
1141 645 1246 710 AD
1290 645 1633 710 HERENN.
1682 644 1833 709 LIB.
1878 645 1957 709 11.
2046 642 2213 709 CAP.
2264 643 2605 708 30—L113.
2640 641 2751 707 m.
2845 640 3015 706 CAP.
3050 643 3114 705 2.

3479 640 3582 708 25

693 847 755 908 6.
818 844 1214 909 sollicitudine
1276 844 1548 908 PBFRT.
1618 873 1698 887 -
1771 851 1827 907 et
1889 842 2059 906 cordi
2130 844 2226 905 uel
2268 842 2444 906 tertio
2499 861 2666 910 corr.
2716 844 2790 905 A.
2829 882 2909 895 -
2976 834 3363 921 conscribere]
3434 839 3590 901 scri-

607 949 857 1012 miseria
898 966 995 1032 pr.
1028 950 1077 1011 T
1096 996 1113 1023 ,
1166 956 1221 1010 et
1247 949 1666 1011 misericordia
1693 965 1862 1013 corr.
1896 949 1968 1010 T.

568 1067 574 1085 ¹
692 1055 757 1114 7.
802 1054 1004 1115 dolore
1045 1053 1143 1114 F.-

695 1158 757 1218 9.
801 1152 1016 1239 satum]
1059 1156 1290 1237 sactum
1333 1174 1500 1220 corr.
1536 1159 1611 1220 Τις

2132 948 2263 1010 bere
2306 950 2379 1009 T.

2219 1054 2280 1114 9.
2331 1051 2633 1114 malumus
2673 1052 2743 1113 F.
3397 1098 3402 1103 .

2224 1158 2321 1218 10.
2370 1157 2602 1219 Interea
2641 1157 2851 1237 prima
2879 1188 2905 1201 -
2934 1187 2964 1201 -
2992 1187 3015 1199 -
3052 1152 3340 1236 proqredi
3384 1152 3586 1234 possis
3669 1196 3691 1224 .

700 1261 796 1322 11.
837 1262 1114 1340 futuram
1153 1262 1231 1333 P,
1270 1262 1459 1343 fuisse
1498 1280 1598 1346 pr.
1642 1264 1714 1325 R.
1758 1259 2062 1343 (futurum
2138 1277 2266 1323 om.
2302 1261 2376 1321 Β.

611 1382 686 1427 co
725 1383 780 1426 r.
814 1366 888 1426 R.

688 1384 799 1530 115.
846 1361 1160 1550 videbitur]
1206 1469 1577 1531 iudicabitur
1617 1471 1690 1531 T.
1729 1502 1812 1516 —
1870 1469 1925 1530 si
1971 1464 2056 1550 ut]

612 1573 767 1634 sicut
807 1571 887 1643 P,
932 1572 988 1632 si
1030 1590 1164 1635 cum
1207 1575 1276 1637 Β.

2225 1365 2323 1426 11.
2369 1383 2551 1444 quum
2594 1383 2721 1427 om.
2755 1364 2931 1426 AFT.
2965 1396 3049 1410 —-
3089 1358 3267 1444 voles]
3316 1361 3482 1424 uales
3519 1360 3588 1429 F.

2228 1469 2326 1531 15.
2375 1468 2664 1530 eiusmodi
2706 1468 2876 1534 PBT.
3571 1528 3578 1535 ,

2227 1573 2325 1634 16.
2369 1573 2447 1633 sit
2499 1572 2837 1652 faciendum
2890 1573 2961 1634 Β.
3012 1604 3088 1617 --
3144 1571 3378 1650 partim
3420 1603 3449 1616 —
3488 1603 3518 1615 -
3558 1601 3590 1614 -

575 1706 589 1717 ·
699 1677 798 1737 16.
842 1671 928 1757 tu]
962 1677 1251 1758 υἰριπ-Ρ,
1297 1695 1423 1740 om.
1460 1679 1609 1751 FT,
1642 1674 1765 1740 del.
1794 1694 1962 1740 corr.
1987 1677 2056 1737 P.
2131 1676 2473 1758 faciendum
2514 1678 2595 1737 sit
2637 1694 2764 1739 om.
2799 1677 2871 1737 Β.
2906 1708 2979 1720 --
3032 1675 3321 1736 eiusmodi
3362 1674 3587 1741 PAFT.

610 1812 692 1826 -
735 1778 1049 1859 diliqenter
1083 1782 1277 1863 fueris
1334 1777 1698 1863 consecutus]
1752 1781 2065 1862 diliqenter
2142 1822 2220 1833 -
2264 1775 2426 1862 quid]
2475 1780 2628 1861 quod
2668 1781 2739 1842 F.
2787 1812 2870 1825 —-
2907 1779 3261 1861 faciundum
3302 1779 3372 1840 F.

613 1891 665 1944 et
705 1882 873 1944 nobis
914 1901 1009 1967 pr.
1048 1887 1123 1953 Ρ,
1167 1886 1481 1966 diliyenter
1501 1887 1696 1968 saeris
1723 1893 2065 1947 consecutus

609 2004 776 2050 corr.
833 1989 911 2060 Ρ,
983 1988 1298 2068 diliqenter
1354 1999 1413 2051 et
1465 1988 1773 2051 nobiscum
1824 1996 1879 2051 et
1937 1989 2062 2049 sine

610 2090 776 2151 nobis
804 2090 1205 2154 considerabis
1233 2096 1315 2166 Β,
1359 2093 1634 2155 dilienter
1651 2089 1785 2174 (sic)
1815 2112 1854 2153 a
1885 2100 1939 2153 te
1970 2092 2066 2152 uel

601 2194 864 2273 perlecta
902 2196 999 2257 uel
1041 2196 1338 2278 descripta
1375 2197 1606 2277 fuerint
1634 2196 1712 2269 F,
1755 2195 2067 2275 diliqenter

611 2318 651 2358 a
694 2307 747 2360 te
787 2298 883 2360 uel
916 2300 1182 2379 perlecta
1222 2300 1318 2363 uel
1338 2301 1684 2382 perscripta
1705 2299 1901 2380 fueris
1927 2316 2069 2360 con-

610 2411 843 2463 secutus
884 2404 932 2465 R
946 2449 961 2474 ,
1014 2402 1331 2483 diligenter
1359 2411 1716 2484 prosecutus
1751 2396 1961 2484 fueris
1989 2404 2061 2463 T.

610 2505 832 2586 (fueris
873 2515 1217 2568 consecutus
1259 2525 1295 2569 a
1335 2511 1700 2570 correctore
1742 2502 1930 2569 habet
1958 2505 2068 2586 A.)

701 2610 797 2671 17.
845 2610 1204 2672 conscientia
1246 2611 1425 2673 FRT.

700 2715 797 2775 19.
840 2732 951 2775 nos
976 2731 1122 2776 uero
1151 2714 1485 2777 alacriores
1512 2718 1586 2778 T.
1620 2746 1703 2762 -
1741 2708 2061 2797 reliquum]

598 2816 896 2896 periclum
934 2817 982 2878 P
1001 2864 1018 2890 ‚
1069 2817 1411 2898 perit-utum
1462 2821 1633 2883 AFT.
1688 2852 1771 2867 --
1829 2814 2063 2901 sutura]

605 2921 884 3002 facienda
926 2939 1050 3005 mg.
1081 2923 1156 2985 R.

698 3036 800 3098 20.
846 3032 990 3117 Nos]
1039 3037 1155 3099 Sed
1193 3055 1304 3099 nos
1346 3040 1416 3102 B.

698 3148 800 3211 21.
842 3149 908 3211 id
949 3166 1075 3212 om.
1111 3150 1390 3215 PAFRT.
1429 3186 1506 3199 —
1544 3152 1835 3234 faciemus
1874 3150 1941 3214 P.

693 3262 795 3325 21.
841 3264 1206 3328 rectissimae
1260 3266 1594 3329 uoluntatis
1650 3286 1748 3352 pr.
1799 3268 1846 3331 P
1863 3314 1881 3339 ,
1941 3285 2065 3329 rec·

613 3365 879 3430 tissimae
921 3369 1221 3432 uoluntati
1262 3372 1313 3433 R
1345 3376 1407 3433 et
1439 3388 1606 3435 corr.
1642 3372 1721 3446 P,
1765 3372 2067 3433 uoluntati

612 3472 938 3534 rectissime
979 3472 1099 3538 FT.

700 3586 800 3649 22.
846 3588 1273 3668 moriqeremus
1318 3607 1481 3657 corr.
1510 3590 1577 3653 P.

699 3753 847 3838 Pag.
882 3756 983 3824 ¹10.
1028 3775 1088 3820 v.
1122 3760 1188 3820 2.
1276 3766 1347 3820 ut
1387 3777 1514 3822 om.
1543 3759 1747 3823 AFRT
1776 3766 1839 3824 et
1866 3777 1964 3841 pr.
1993 3758 2062 3820 P.

616 3860 712 3935 (ln
767 3861 813 3921 P
871 3857 1145 3943 additum
1203 3869 1294 3926 est
1353 3882 1388 3925 a
1446 3860 1643 3927 multo
1710 3861 2064 3928 recentiore

617 3966 857 4040 manu.)

702 4071 764 4131 3.
813 4065 918 4151 est]
966 4086 1087 4131 esse
1126 4071 1210 4143 R,
1260 4089 1386 4134 om.
1422 4071 1646 4133 PAFT.
1694 4068 1795 4150 (in
1835 4070 2067 4152 superi-

616 4173 820 4235 oribus
860 4173 1325 4236 demonstratum
1376 4181 1461 4235 est
1504 4174 1676 4240 libris
1716 4171 1813 4256 B.)

700 4279 764 4340 4.
808 4277 1173 4358 pertinebant
1215 4278 1546 4340 PABFRT.
1594 4312 1677 4326 -
1736 4286 1792 4342 et
1832 4280 2067 4341 demon-

618 4382 905 4443 strativas
947 4398 1074 4444 om.
1112 4382 1214 4443 AF
1251 4388 1312 4444 et
1350 4400 1447 4463 pr.
1483 4382 1550 4444 P.

702 4486 765 4546 5.
812 4485 1162 4547 inveniundi
1191 4486 1595 4566 praescriptio
1639 4486 1763 4560 PT,
1835 4487 2070 4548 inaeni-

619 4587 769 4649 endi·
801 4588 1161 4669 perscriptio
1214 4590 1333 4651 AF.
1391 4623 1471 4634 —
1536 4586 1829 4673 primum]
1866 4591 2068 4672 pluri-

621 4710 786 4754 mum
828 4693 903 4753 R.

703 4796 768 4858 7.
814 4793 1094 4879 dicemus]
1141 4798 1365 4860 dictum
1407 4805 1492 4860 est
1532 4798 1756 4861 PAFT.

702 4900 765 4964 8.
808 4896 1012 4983 plura]
1030 4969 1037 4978 ,
1050 4903 1323 4983 plur-ima
1350 4903 1421 4965 R.
1467 4931 1542 4949 --
1590 4897 1827 4986 quarto]
1854 4910 2067 4985 qua-rto

2228 1896 2324 1955 17.
2360 1894 2569 1973 potius
2612 1911 2739 1955 om.
2771 1910 2865 1976 pr.
2899 1893 2972 1954 A.

2237 1998 2332 2059 18.
2369 1992 2570 2078 pacto]
2624 1996 2795 2058 modo
2838 1997 2911 2058 T.

2229 2102 2329 2164 19.
2378 2101 2647 2163 consulat
2678 2101 2875 2163 PFRT
2922 2108 2984 2161 et
3015 2117 3115 2180 pr.
3152 2101 3223 2162 A.
3258 2139 3341 2151 -
3385 2115 3586 2163 areer-

2139 2206 2298 2266 situr
2317 2204 2394 2277 P,
2439 2212 2784 2266 accersatur
2810 2219 2983 2264 corr.
3009 2203 3092 2275 A,
3133 2204 3501 2264 arcessiatur
3517 2203 3591 2266 F.

2141 2341 2222 2353 —-
2264 2303 2352 2389 in]
2401 2326 2481 2369 an
2523 2308 2591 2369 in
2630 2308 2902 2370 PABFT.

2225 2411 2328 2474 20.
2362 2419 2716 2493 permaneat
2756 2414 2848 2474 B.·
2887 2443 2963 2458 —
3029 2411 3454 2475 alexandriam
3495 2426 3592 2476 oc-

2141 2527 2310 2598 cupet
2351 2518 2424 2581 R.
2601 2530 2604 2533 '

2226 2624 2328 2689 21.
2371 2619 2812 2683 deliberationis
2854 2620 2929 2681 B.

2226 2726 2326 2788 22.
2373 2725 2714 2805 captiuosne
2757 2725 2829 2788 ab
2870 2727 2947 2788 R.

2225 2830 2331 2892 26.
2374 2825 2801 2911 deliberandae]
2850 2828 3310 2899 considerandae
3353 2831 3425 2893 R.

2228 2935 2330 2999 27.
2373 2936 2627 2998 sociisne
2654 2934 2733 2998 ad
2762 2934 3038 3002 tuendam
3065 2934 3157 2997 det
3186 2935 3492 2999 ciuitatem
3519 2935 3593 3003 R.

2222 3103 2370 3187 Pag.
2401 3104 2502 3168 41.
2549 3125 2608 3169 v.
2640 3106 2700 3169 2.
2787 3124 2973 3169 causa
3015 3122 3141 3174 om.
3196 3104 3241 3168 P
3275 3112 3336 3170 et
3379 3122 3477 3189 pr.
3513 3104 3587 3166 A.

2141 3240 2223 3253 —
2268 3211 2532 3291 conficiet
2575 3228 2702 3273 om.
2748 3212 2816 3273 Β.

2227 3325 2285 3386 3.
2332 3319 2421 3404 ea]
2471 3342 2549 3385 ea·
2589 3322 2816 3386 PAFT.
2864 3366 2947 3376 --
2992 3320 3128 3408 erit]
3178 3326 3334 3387 erint
3375 3342 3470 3408 pr.
3513 3324 3594 3397 P,
3653 3330 3661 3348 ¹

2141 3436 2316 3492 erunt
2358 3429 2508 3490 AFT
2552 3433 2616 3490 et
2653 3445 2821 3490 corr.
2865 3429 2932 3493 P.
2970 3462 3053 3475 --
3096 3429 3447 3510 adauyenda
3488 3437 3596 3491 aut

2138 3527 2543 3613 deprimenda]
2584 3540 2691 3594 aut
2713 3529 3065 3612 adauqenda
3091 3541 3198 3594 aut
3219 3531 3601 3613 deprimenda

2142 3655 2240 3717 pr.
2275 3636 2356 3708 P,
2414 3643 2520 3697 aut
2560 3634 2968 3715 adauyendam
3000 3643 3108 3696 aut
3147 3635 3590 3716 deprimendam

2139 3756 2306 3803 corr.
2341 3739 2421 3812 P,
2479 3739 2858 3819 adauyendae
2900 3748 3006 3802 aut
3050 3740 3463 3820 deprimendae
3507 3745 3558 3802 A
3578 3786 3595 3811 ,

2138 3852 2245 3905 aut
2319 3844 2620 3925 auqendae
2687 3852 2795 3906 aut
2860 3844 3272 3925 deprimendae
3331 3845 3454 3906 FT.
3513 3871 3601 3891 —-

2144 3949 2390 4011 Omnem
2435 3943 2785 4029 orationem]
2842 3948 3336 4010 memorationem
3377 3966 3479 4028 pr.
3516 3947 3599 4019 P,

2139 4072 2339 4115 omnes
2430 4053 2731 4115 orationes
2822 4052 2995 4114 AFT.
3103 4050 3591 4130 (memorationes

2139 4154 2256 4220 alia
2302 4158 2592 4227 manuF‚
2637 4173 2867 4217 omnem
2908 4156 3241 4217 orationem
3279 4152 3591 4231 cortu-P.)

2221 4270 2283 4331 4.
2327 4269 2477 4331 Post
2496 4268 2691 4330 dicent
2721 4263 2955 4332 addunt
2994 4268 3059 4330 Is
3094 4269 3198 4349 qni
3240 4269 3592 4331 sententiam

2138 4374 2289 4435 dicet
2328 4374 2484 4436 AFT
2513 4379 2574 4435 et
2601 4391 2730 4452 mg.
2766 4374 2837 4434 B.
3399 4397 3404 4404 ·

2224 4489 2282 4549 5.
2330 4482 2418 4569 eo]
2477 4485 2789 4548 eorundem
2817 4503 2914 4570 pr.
2937 4486 3017 4561 P,
3085 4487 3282 4550 eodem
3324 4486 3442 4566 AF,
3508 4488 3588 4552 ad
3637 4519 3662 4532 ·

2140 4609 2270 4654 eam
2306 4594 2377 4653 Β.
2427 4590 2524 4667 (eo
2557 4609 2725 4653 corr.
2753 4590 2855 4670 P.)

2225 4698 2287 4758 ⁷.
2337 4691 2548 4776 tutam]
2595 4696 2663 4757 in
2705 4703 2896 4756 tutam
2936 4694 3010 4757 R.
3048 4728 3125 4741 —
3167 4705 3225 4758 et
3251 4715 3379 4762 om.
3411 4673 3586 4763 PAF.

2227 4801 2288 4862 8.
2339 4800 2464 4860 aim
2498 4806 2670 4880 atque
2700 4798 2900 4860 dolum
2929 4802 3000 4862 Β.

2227 4905 2289 4967 9.
2337 4903 2882 4985 quorum-alterum
2908 4901 3178 4986 (omisso
3216 4903 3360 4992 aut)
3387 4891 3591 4974 PT.—

3006 5021 3049 5082 4
