4620 5864
1455 619 1562 685 AD
1604 618 1951 685 HERENN.

743 816 848 880 26.
897 812 1077 899 enim]
1114 816 1318 879 auimo
1347 816 1501 880 FRT
1535 822 1600 879 et
1626 834 1731 897 pr.
1761 815 1880 889 PA,
1905 823 1958 879 et
1978 814 2113 878 ani-

655 938 754 983 mo
783 939 951 986 corr.
979 922 1049 991 Ρ,
1077 921 1237 984 enim
1257 921 1462 983 animo
1490 939 1655 983 corr.
1687 921 1763 984 A.
1796 918 1980 1001 (enim
2001 922 2073 983 Β.
2069 919 2111 999 )

659 1056 739 1075 ·-—
764 1022 1093 1106 comprobet
1114 1044 1244 1086 eam
1272 1023 1546 1095 PAFRT,
1566 1023 1777 1105 probet
1797 1043 1928 1087 eam
1948 1025 2021 1085 B.

740 1129 845 1192 26.
887 1128 1131 1192 auditor
1166 1128 1387 1191 tacitus
1404 1128 1581 1191 ΛΒΤ.
1614 1161 1697 1172 -
1720 1129 1947 1191 adom.
1981 1131 2048 1191 Β.

739 1231 842 1294 28.
881 1232 1010 1312 sere
1045 1238 1130 1293 est
1173 1228 1329 1294 idem
1349 1231 1543 1306 AFT,
1578 1233 1708 1313 [ere
1738 1232 1894 1297 idem
1920 1240 2005 1294 est
2036 1234 2110 1295 R.

741 1336 843 1398 30.
883 1329 1092 1415 suerit]
1126 1335 1242 1395 erit
1269 1354 1367 1416 pr.
1398 1334 1475 1397 A.

739 1440 847 1502 31.
893 1438 981 1499 Et
1019 1455 1145 1502 om.
1192 1439 1466 1501 PBFRT.

738 1543 843 1605 33.
881 1540 996 1621 fide
1027 1536 1050 1595 ΙΙ
1087 1559 1322 1622 reposce
1349 1560 1448 1626 pr.
1485 1541 1562 1615 P,
1610 1543 1725 1624 fide
1757 1539 1783 1599 ΙΙ
1811 1561 2112 1625 reposcere

655 1662 824 1708 corr.
859 1644 927 1707 P.
955 1642 1251 1724 (fideliahe
1278 1643 1302 1729 ¹¹.
1327 1663 1581 1728 reposce
1610 1666 1705 1710 rc.
1735 1662 1902 1713 corr.
1931 1644 2109 1730 P.)-

653 1742 763 1829 Et]
795 1756 901 1809 aiat
927 1746 1203 1815 PBFRT.

738 1851 843 1914 34.
877 1870 1009 1914 eum
1037 1852 1405 1915 commodum
1422 1859 1477 1914 et
1498 1861 1933 1935 coqnoscentem
1954 1855 2110 1917 scire

652 1953 813 2035 (lore
851 1954 1048 2036 corr.)
1088 1956 1155 2017 in
1181 1964 1492 2036 potestate.
1534 1957 1625 2019 Et
1658 1957 1738 2029 P,
1791 1977 1923 2020 eum
1949 1977 2111 2021 com-

650 2058 889 2121 modum
912 2066 966 2122 et
999 2068 1434 2139 cognoscentem
1462 2080 1523 2124 se
1547 2059 1746 2123 uideri
1770 2059 2007 2140 (uidere
2033 2059 2106 2138 F)

640 2161 870 2243 poteris
911 2163 978 2224 in
1011 2171 1321 2244 potestate.
1389 2164 1476 2226 Et
1517 2164 1564 2225 F
1608 2170 1672 2227 et
1712 2183 1813 2257 pr.
1859 2166 1933 2239 A,
1974 2184 2107 2229 eum

650 2265 1016 2328 commodum
1042 2274 1096 2328 et
1134 2274 1575 2348 coqnoscentem
1609 2270 1717 2331 sui
1733 2270 1869 2350 fore
1900 2269 1965 2331 in
1991 2288 2107 2350 po-

649 2376 850 2431 testate
878 2370 983 2451 qui
1015 2389 1235 2451 operes.
1294 2371 1383 2439 Ei
1418 2371 1521 2435 BR
1564 2377 1629 2441 et
1656 2389 1823 2436 corr.
1856 2375 1928 2446 A,
1971 2391 2107 2436 eum

647 2472 937 2553 quomodo
975 2482 1415 2554 cognoscentem
1454 2493 1516 2538 ee
1545 2476 1749 2539 uidere
1768 2477 2003 2557 poteris
2037 2477 2107 2539 in

634 2582 947 2657 potestate.
994 2576 1083 2643 Et
1125 2579 1198 2641 T.
1252 2576 1393 2660 (qui
1429 2597 1627 2661 speres
1667 2598 1795 2646 om.
1845 2582 1993 2645 PFT
2040 2585 2105 2643 et

643 2696 743 2762 pr.
778 2674 880 2761 A.)
1052 2738 1055 2739 Β

731 2784 834 2846 35.
875 2777 1105 2865 verum]
1148 2800 1272 2845 non
1317 2801 1530 2847 uerum
1572 2785 1695 2857 FT,
1734 2804 1948 2849 uerum
1983 2804 2102 2849 non

645 2882 1682 2970 BR.-nunquam]mtmquidR,
1728 2907 1857 2956 om.
1902 2892 1974 2955 T.
2019 2926 2096 2940 —

645 2999 969 3073 eumpmes
1005 2992 1073 3053 in
1099 2991 1472 3065 contionibus
1507 3012 1548 3055 a
1582 2993 1889 3057 mendacio
1916 2996 1991 3056 Β.
2015 3029 2099 3039 -

641 3094 757 3158 cibi
786 3114 914 3160 om.
949 3096 1029 3158 R.
1052 3096 1620 3168 ——coeztentionibus
1649 3098 1722 3160 T.

728 3197 874 3282 Pag.
933 3200 1040 3263 74.
1093 3218 1166 3275 J.
1216 3201 1297 3270 1.,
1365 3197 1467 3285 eoe]
1521 3222 1552 3266 e
1600 3203 1675 3266 R.
1723 3233 1809 3250 --
1848 3197 1951 3285 iis]
2004 3201 2101 3264 his

642 3301 867 3368 PAFT.
913 3335 999 3350 --
1037 3312 1360 3369 metuemus
1397 3307 1472 3370 T.

726 3408 789 3469 2.
836 3426 1019 3489 quum
1049 3404 1281 3492 plures]
1325 3411 1637 3490 conplures
1677 3413 1747 3475 F.
1782 3442 1867 3458 ——
1898 3418 2095 3485 erant,

630 3527 819 3593 pareo
846 3531 966 3576 esse
984 3512 1154 3575 nobie
1174 3531 1297 3575 non
1306 3522 1592 3594 poterant
1608 3516 1678 3588 B,
1702 3523 1894 3587 erant,
1920 3534 2097 3579 eme-

642 3616 822 3697 quari
857 3615 1026 3681 nobis
1057 3635 1181 3679 non
1205 3625 1491 3698 poterant
1514 3620 1737 3701 paucis
1771 3621 1847 3688 R.

725 3720 790 3783 3.
836 3728 1157 3784 metuenme
1200 3724 1273 3786 T.

724 3823 790 3885 4.
839 3821 1277 3907 exornationis]
1336 3824 1636 3890 orationis
1696 3826 1973 3890 PBFRT.
2012 3861 2096 3875 -

639 3923 912 4011 breuiter]
938 3927 1214 3990 breuibus
1243 3931 1311 3993 T.
1333 3958 1412 3973 --
1434 3935 1489 3993 et
1517 3948 1597 3993 eoe
1624 3931 1992 3995 continuatis
2014 3932 2089 3994 Β.

643 4063 722 4077 -
746 4030 903 4094 debet
940 4050 1061 4094 esse
1088 4031 1415 4095 PABFRT.

724 4136 787 4199 5.
836 4144 890 4200 el
911 4129 1113 4218 quum]
1151 4142 1217 4197 ut
1246 4154 1381 4198 cum
1400 4135 1468 4207 P.
1498 4143 1566 4199 ut
1590 4136 1862 4216 (omisso
1889 4135 2096 4222 quum)

640 4236 708 4313 F,
751 4257 887 4302 cum
925 4237 1187 4319 (omisso
1223 4238 1310 4318 et)
1346 4240 1429 4312 R,
1472 4248 1526 4302 et
1556 4247 1684 4304 tum
1721 4242 1795 4304 Τ.

724 4343 788 4404 6.
834 4342 1100 4406 orationi
1141 4344 1212 4406 B.

726 4443 790 4508 7.
837 4446 1181 4508 contrarias
1208 4465 1306 4510 res
1332 4447 1455 4510 BR.
1480 4480 1560 4493 —
1583 4454 1638 4511 et
1674 4466 1802 4513 om.
1836 4450 1961 4513 FR.
2042 4433 2051 4440 ⁰

723 4549 787 4613 8.
832 4557 920 4622 ,eet
961 4550 1203 4616 dubium
1245 4550 1575 4615 PABFRT.

656 4717 661 4722 ,
724 4653 787 4716 9.
829 4650 1146 4736 exalonis]
1180 4655 1378 4718 oratio
1411 4655 1483 4717 F.

725 4758 828 4820 10.
876 4758 1200 4837 explicitur
1227 4776 1322 4843 pr.
1355 4758 1434 4830 P,
1481 4759 1821 4840 explicatur
1862 4779 1961 4846 pr.
2012 4763 2085 4838 Β,

638 4861 1039 4944 explicabitur
1061 4863 1135 4928 Τ.
1174 4860 1501 4947 (eaecipitur
1526 4881 1691 4931 corr.
1717 4864 1876 4945 PR.)

1996 618 2148 682 Lm.
2195 616 2340 683 tv„
2385 616 2555 685 CAP.
2608 618 2904 683 15—20.

2152 3288 2169 3294 ”
2257 3304 2361 3367 34.

3540 618 3649 693 47

2279 817 2380 881 11.
2427 815 2797 896 appellamus
2836 816 2907 878 P.

2276 920 2375 982 12.
2415 919 2527 981 hoc
2556 937 2686 985 om.
2714 921 2787 982 T.
2811 951 2889 964 --
2913 917 2987 981 ab
3007 915 3220 1001 altero]
3249 919 3428 983 aliter
3448 938 3545 1004 pr.
3574 917 3646 995 P,

2183 1021 2372 1084 altero
2400 1040 2565 1086 corr.
2602 1023 2669 1093 P,
2714 1021 2944 1086 omissa
2974 1024 3444 1106 praepositione
3482 1042 3645 1108 quae

2185 1126 2367 1189 abest
2395 1125 2582 1189 etiam
2630 1145 2693 1189 v.
2745 1128 2847 1190 10.
2890 1156 2975 1170 —-
3015 1123 3299 1209 anticum]
3333 1128 3646 1197 inimicum

2185 1249 2283 1309 pr.
2320 1229 2394 1290 A.

2274 1334 2376 1395 13.
2408 1328 2707 1414 ntembrie]
2735 1332 3014 1411 mmbris
3032 1333 3162 1399 suis
3184 1332 3382 1399 PABF
3386 1335 3456 1399 T.
3474 1336 3642 1401 Fort.

2184 1436 2463 1499 membris
2504 1438 2646 1499 unis
2687 1435 2729 1515 (
2725 1437 2768 1499 i.
2818 1457 2877 1501 e.
2916 1437 3117 1517 solis).

2273 1539 2374 1602 14.
2425 1535 2499 1621 et]
2547 1547 2720 1622 atque
2756 1542 2830 1603 R.
2921 1542 3023 1603 15.
3070 1542 3192 1622 ipsi
3221 1559 3352 1611 om.
3384 1540 3553 1606 PFT.

2273 1645 2374 1706 16.
2412 1643 2708 1724 profuisti
2726 1663 2838 1706 nec
2861 1645 3132 1711 inimicia
3152 1663 3281 1709 om.
3319 1647 3387 1710 F.
3461 1724 3468 1727 v

2272 1748 2373 1810 18.
2417 1748 3180 1828 distinguenturffPABFT.

2271 1852 2372 1915 19.
2416 1846 2808 1914 aduersarios
2851 1871 2980 1914 om.
3016 1852 3115 1916 PT
3151 1859 3216 1917 et
3252 1871 3351 1938 pt.
3391 1854 3469 1927 A,

2270 1954 2656 2031 20.‚inuidia
2698 1975 2827 2019 om.
2865 1957 2937 2018 T.

2266 2059 2370 2122 22.
2414 2058 2570 2141 quod
2590 2078 2716 2125 om.
2733 2058 2945 2121 PB.—
2954 2056 3247 2142 pervenit]
3267 2063 3550 2142 prouenit
3569 2064 3640 2131 T.

2265 2163 2372 2225 23.
2421 2163 2798 2227 contentione
2789 2162 2947 2227 PFT
2965 2170 3031 2227 et
3046 2184 3145 2246 pr.
3162 2165 3213 2226 A
3221 2164 3634 2229 M-deoetreT

2264 2264 2368 2333 24.
2416 2266 2722 2347 afferreF

2263 2369 2370 2432 26.
2418 2377 2595 2432 estet
2635 2369 2816 2432 densa
2859 2387 2956 2454 pr.
2997 2346 3066 2432 P.
3118 2402 3202 2416 --
3251 2372 3639 2445 etcontntens

2184 2491 2313 2535 om.
2350 2472 2496 2536 PFT
2526 2478 2592 2535 et
2616 2492 2714 2555 pr.
2760 2472 2836 2535 A.
2884 2444 3221 2555 (continens
3257 2474 3394 2539 sine
3413 2477 3632 2540 etadd.

2179 2596 2347 2638 corr.
2389 2574 2504 2656 A.)

2260 2681 2367 2743 27.
2409 2680 2720 2761 tripertita
2760 2698 2861 2761 pr.
2909 2680 2987 2743 A.

2259 2784 2364 2847 28.
2416 2783 2483 2845 in
2535 2778 2927 2866 conclusione]
2990 2784 3319 2853 inclusione
3369 2786 3439 2853 F.
3480 2782 3634 2852 item

2178 2907 2237 2951 v.
2285 2888 2390 2950 32.

2257 2992 2361 3054 29.
2407 2990 2597 3054 obesse
2627 2999 2824 3072 potest
2866 2993 2942 3056 R.
2965 3026 3049 3040 -
3071 2994 3289 3075 firmus
3320 2994 3393 3056 Β.

2256 3096 2363 3158 30.
2410 3089 2566 3178 quis]
2593 3097 2698 3177 qui
2718 3095 2835 3158 PF.
2923 3098 3027 3160 31.
3074 3098 3389 3168 collocaret
3427 3095 3501 3160 F.

2258 3200 2363 3264 33.
2412 3218 2556 3262 casu
2582 3199 2649 3272 F,
2695 3218 2871 3264 casus
2897 3201 2970 3266 R.
2992 3233 3076 3249 -
3094 3202 3428 3290 eruderant
3450 3202 3625 3265 PBT.

2405 3297 2537 3386 nos]
2579 3322 2677 3365 eos
2715 3306 2788 3390 B.

2256 3408 2361 3469 36.
2408 3407 2747 3471 necessaria
2788 3415 2873 3471 est
2915 3408 3138 3476 PFRT.
3182 3443 3266 3459 —
3307 3409 3633 3498 ‚oraliom'e

2174 3511 2398 3574 PFRT.

2257 3617 2363 3678 37.
2411 3614 2621 3696 offerat
2651 3615 2922 3691 PABFT,
2971 3616 3186 3700 afferat
3223 3621 3298 3684 R.

2256 3721 2360 3784 38.
2405 3718 2521 3783 Sed
2556 3737 2684 3782 om.
2719 3720 2795 3784 Β.
2827 3729 3158 3786 —etom
3187 3722 3461 3792 PAFRT.

2256 3825 2358 3886 39.
2401 3842 2523 3886 non
2553 3819 2659 3907 est]
2699 3833 2784 3886 est
2817 3825 3086 3897 (omisso
3108 3826 3261 3908 non)
3290 3830 3355 3902 F,
3399 3836 3484 3891 est
3510 3847 3632 3893 non

2172 3931 2245 3991 R.
2268 3961 2354 3975 —
2381 3923 2640 4011 aliquas]
2675 3927 2834 3991 alias
2880 3930 2946 3990 F.
2989 3962 3067 3976 -
3098 3931 3440 3996 huiusmodi
3460 3932 3631 4003 PBT.

2253 4033 2410 4114 Pag.
2448 4034 2552 4096 75.
2601 4051 2664 4095 v.
2699 4033 2758 4094 2.
2834 4042 3056 4098 constet
3099 4034 3174 4108 P,
3220 4042 3451 4100 constat
3497 4038 3625 4113 ΓΒ,

2170 4143 2441 4199 constant
2468 4154 2565 4220 pr.
2600 4136 2669 4209 T,
2714 4144 2977 4198 constent
3020 4156 3182 4203 corr.
3211 4142 3285 4204 T.

2255 4242 2316 4303 3.
2357 4259 2479 4303 non
2510 4239 2987 4304 denunaeratione
3021 4244 3092 4319 B,
3135 4261 3257 4306 non
3296 4243 3366 4307 de
3394 4229 3629 4308 enume-

2170 4345 2402 4408 ratione
2444 4345 2568 4412 RT.

2252 4448 2313 4512 4.
2357 4447 2599 4529 afferret
2634 4447 2708 4514 A.
2738 4481 2814 4494 —
2833 4447 3146 4529 facultatis
3180 4459 3233 4514 et
3269 4451 3625 4516 exercitatio

2170 4555 2243 4615 T.
2274 4583 2352 4599 —
2375 4552 2581 4614 animo
2609 4560 2665 4614 et
2688 4552 2950 4634 quodam
2973 4555 3060 4617 R.-

2250 4658 2312 4720 5.
2355 4655 2574 4736 referri
2620 4657 2691 4719 T.

2247 4762 2307 4823 6.
2340 4755 2540 4843 pater]
2561 4778 2790 4840 parens
2815 4762 2874 4825 ,Τ
2901 4768 2970 4826 et
2992 4782 3098 4845 pr.-
3126 4761 3195 4827 P.
3238 4760 3441 4845 (pater
3458 4783 3623 4828 mor-

2161 4874 2276 4954 teni
2302 4862 2418 4946 R.)
2447 4895 2534 4936 -,-
2563 4865 2804 4946 optabat
2839 4868 2909 4932 T.
2962 4865 3617 4956 (oppetebathmg..'1'.)
