<?xml version="1.0" encoding="UTF-8"?>
<!DOCTYPE html PUBLIC "-//W3C//DTD XHTML 1.0 Transitional//EN"
    "http://www.w3.org/TR/xhtml1/DTD/xhtml1-transitional.dtd">
<html xmlns="http://www.w3.org/1999/xhtml" xml:lang="en" lang="en">
 <head>
  <title>
</title>
<meta http-equiv="Content-Type" content="text/html;charset=utf-8" />
  <meta name='ocr-system' content='tesseract 3.04.00' />
  <meta name='ocr-capabilities' content='ocr_page ocr_carea ocr_par ocr_line ocrx_word'/>
</head>
<body>
  <div class='ocr_page' id='page_1' title='image "./varietaslection00baitgoog_0040.png"; bbox 0 0 4620 5864; ppageno 0'>
   <div class='ocr_carea' id='block_1_1' title="bbox 1007 580 1113 653">
    <p class='ocr_par' dir='ltr' id='par_1_1' title="bbox 1007 580 1113 653">
     <span class='ocr_line' id='line_1_1' title="bbox 1007 580 1113 653; baseline 0.009 -1"><span class='ocrx_word' id='word_1_1' title='bbox 1007 580 1113 653; x_wconf 81' lang='grc'><em>36</em></span> 
     </span>
    </p>
   </div>
   <div class='ocr_carea' id='block_1_2' title="bbox 1866 584 3142 659">
    <p class='ocr_par' dir='ltr' id='par_1_2' title="bbox 1866 584 3142 659">
     <span class='ocr_line' id='line_1_2' title="bbox 1866 584 3142 659; baseline 0.005 -7"><span class='ocrx_word' id='word_1_2' title='bbox 1866 584 2050 652; x_wconf 80' lang='lat' dir='ltr'><strong>VAR.</strong></span> <span class='ocrx_word' id='word_1_3' title='bbox 2093 586 2317 653; x_wconf 86' lang='lat' dir='ltr'><strong>LECT.</strong></span> <span class='ocrx_word' id='word_1_4' title='bbox 2361 585 2467 653; x_wconf 80' lang='lat' dir='ltr'><em>AD</em></span> <span class='ocrx_word' id='word_1_5' title='bbox 2511 587 3142 659; x_wconf 81' lang='lat' dir='ltr'><strong>RHETORICORUM</strong></span> 
     </span>
    </p>
   </div>
   <div class='ocr_carea' id='block_1_3' title="bbox 1000 768 3997 977">
    <p class='ocr_par' dir='ltr' id='par_1_3' title="bbox 1000 768 3997 977">
     <span class='ocr_line' id='line_1_3' title="bbox 1090 768 3997 883; baseline 0.003 -37"><span class='ocrx_word' id='word_1_6' title='bbox 1090 784 1191 846; x_wconf 88' lang='grc'><em>19.</em></span> <span class='ocrx_word' id='word_1_7' title='bbox 1240 783 1354 847; x_wconf 78' lang='lat' dir='ltr'><em>hac</em></span> <span class='ocrx_word' id='word_1_8' title='bbox 1395 768 1716 867; x_wconf 85' lang='lat' dir='ltr'><em>notatione]</em></span> <span class='ocrx_word' id='word_1_9' title='bbox 1765 803 1839 849; x_wconf 90' lang='lat' dir='ltr'><em>ac</em></span> <span class='ocrx_word' id='word_1_10' title='bbox 1877 785 2179 851; x_wconf 87' lang='lat' dir='ltr'><em>notatione</em></span> <span class='ocrx_word' id='word_1_11' title='bbox 2203 804 2321 883; x_wconf 76' lang='lat' dir='ltr'><em>pr.</em></span> <span class='ocrx_word' id='word_1_12' title='bbox 2372 787 2451 859; x_wconf 91' lang='lat' dir='ltr'><em>P,</em></span> <span class='ocrx_word' id='word_1_13' title='bbox 2530 806 2679 869; x_wconf 83' lang='lat' dir='ltr'><em>quae</em></span> <span class='ocrx_word' id='word_1_14' title='bbox 2707 789 2777 851; x_wconf 93' lang='lat' dir='ltr'><em>B.</em></span> <span class='ocrx_word' id='word_1_15' title='bbox 2807 822 2891 839; x_wconf 87' lang='lat'><em>-—</em></span> <span class='ocrx_word' id='word_1_16' title='bbox 2918 787 3202 851; x_wconf 73' lang='lat' dir='ltr'><strong><em>desideret</em></strong></span> <span class='ocrx_word' id='word_1_17' title='bbox 3235 790 3311 851; x_wconf 87' lang='lat' dir='ltr'><em>R.</em></span> <span class='ocrx_word' id='word_1_18' title='bbox 3339 820 3419 835; x_wconf 90' lang='lat'><em>-·-</em></span> <span class='ocrx_word' id='word_1_19' title='bbox 3442 789 3722 857; x_wconf 86' lang='lat' dir='ltr'><em>inueniet.</em></span> <span class='ocrx_word' id='word_1_20' title='bbox 3765 792 3997 874; x_wconf 82' lang='lat' dir='ltr'><em>siquod</em></span> 
     </span>
     <span class='ocr_line' id='line_1_4' title="bbox 1000 888 3994 977; baseline 0.003 -27"><span class='ocrx_word' id='word_1_21' title='bbox 1000 888 1381 952; x_wconf 72' lang='lat' dir='ltr'><em>annotatione</em></span> <span class='ocrx_word' id='word_1_22' title='bbox 1404 906 1565 951; x_wconf 81' lang='lat' dir='ltr'><em>corr.</em></span> <span class='ocrx_word' id='word_1_23' title='bbox 1585 888 1650 962; x_wconf 86' lang='lat' dir='ltr'><em>P,</em></span> <span class='ocrx_word' id='word_1_24' title='bbox 1678 889 1774 951; x_wconf 87' lang='lat' dir='ltr'><em>uel</em></span> <span class='ocrx_word' id='word_1_25' title='bbox 1794 889 1908 951; x_wconf 78' lang='lat' dir='ltr'><em>hac</em></span> <span class='ocrx_word' id='word_1_26' title='bbox 1931 890 2314 953; x_wconf 76' lang='lat' dir='ltr'><em>annotatione</em></span> <span class='ocrx_word' id='word_1_27' title='bbox 2330 891 2450 952; x_wconf 85' lang='lat' dir='ltr'><em>AF.</em></span> <span class='ocrx_word' id='word_1_28' title='bbox 2528 892 2682 952; x_wconf 87' lang='lat' dir='ltr'><em>AFT</em></span> <span class='ocrx_word' id='word_1_29' title='bbox 2715 897 2778 952; x_wconf 84' lang='lat' dir='ltr'><em>et</em></span> <span class='ocrx_word' id='word_1_30' title='bbox 2808 909 2972 952; x_wconf 86' lang='lat' dir='ltr'><em>corr.</em></span> <span class='ocrx_word' id='word_1_31' title='bbox 3006 890 3078 963; x_wconf 89' lang='lat' dir='ltr'><em>P,</em></span> <span class='ocrx_word' id='word_1_32' title='bbox 3113 891 3375 963; x_wconf 84' lang='lat' dir='ltr'><em>inueniet</em></span> <span class='ocrx_word' id='word_1_33' title='bbox 3404 898 3461 954; x_wconf 91' lang='lat' dir='ltr'><em>et</em></span> <span class='ocrx_word' id='word_1_34' title='bbox 3490 892 3645 975; x_wconf 81' lang='lat' dir='ltr'><em>quod</em></span> <span class='ocrx_word' id='word_1_35' title='bbox 3681 895 3755 958; x_wconf 88' lang='lat' dir='ltr'><em>R.</em></span> <span class='ocrx_word' id='word_1_36' title='bbox 3793 895 3994 977; x_wconf 87' lang='lat' dir='ltr'><em>(inue-</em></span> 
     </span>
    </p>
   </div>
   <div class='ocr_carea' id='block_1_4' title="bbox 955 990 2456 4502">
    <p class='ocr_par' dir='ltr' id='par_1_4' title="bbox 955 990 2456 1266">
     <span class='ocr_line' id='line_1_5' title="bbox 1087 990 2455 1073; baseline 0.002 -20"><span class='ocrx_word' id='word_1_37' title='bbox 1087 993 1194 1054; x_wconf 85' lang='grc'><em>21.</em></span> <span class='ocrx_word' id='word_1_38' title='bbox 1241 990 1710 1073; x_wconf 81' lang='lat' dir='ltr'><em>suppeditabitur</em></span> <span class='ocrx_word' id='word_1_39' title='bbox 1738 993 1905 1054; x_wconf 84' lang='lat' dir='ltr'><strong>PAF.</strong></span> <span class='ocrx_word' id='word_1_40' title='bbox 1932 1025 2012 1036; x_wconf 91' lang='lat'><em>—-</em></span> <span class='ocrx_word' id='word_1_41' title='bbox 2040 992 2198 1055; x_wconf 85' lang='lat' dir='ltr'><em>Nam</em></span> <span class='ocrx_word' id='word_1_42' title='bbox 2225 1002 2455 1056; x_wconf 85' lang='lat' dir='ltr'><em>utram-</em></span> 
     </span>
     <span class='ocr_line' id='line_1_6' title="bbox 955 1096 2456 1178; baseline 0 -17"><span class='ocrx_word' id='word_1_43' title='bbox 955 1149 963 1161; x_wconf 86' lang='lat'><strong>.</strong></span> <span class='ocrx_word' id='word_1_44' title='bbox 1001 1115 1112 1178; x_wconf 87' lang='lat' dir='ltr'><em>que</em></span> <span class='ocrx_word' id='word_1_45' title='bbox 1154 1116 1253 1178; x_wconf 88' lang='lat' dir='ltr'><em>pr.</em></span> <span class='ocrx_word' id='word_1_46' title='bbox 1288 1096 1369 1167; x_wconf 88' lang='lat' dir='ltr'><em>P,</em></span> <span class='ocrx_word' id='word_1_47' title='bbox 1414 1114 1558 1158; x_wconf 89' lang='lat' dir='ltr'><em>nam</em></span> <span class='ocrx_word' id='word_1_48' title='bbox 1599 1114 1734 1158; x_wconf 84' lang='lat' dir='ltr'><em>cum</em></span> <span class='ocrx_word' id='word_1_49' title='bbox 1776 1115 1856 1159; x_wconf 79' lang='lat' dir='ltr'><em>ex</em></span> <span class='ocrx_word' id='word_1_50' title='bbox 1895 1102 2149 1178; x_wconf 80' lang='lat' dir='ltr'><em>utraque</em></span> <span class='ocrx_word' id='word_1_51' title='bbox 2191 1097 2346 1158; x_wconf 84' lang='lat' dir='ltr'><em>AFT</em></span> <span class='ocrx_word' id='word_1_52' title='bbox 2393 1105 2456 1161; x_wconf 80' lang='lat' dir='ltr'><em>et</em></span> 
     </span>
     <span class='ocr_line' id='line_1_7' title="bbox 1002 1200 1263 1266; baseline -0.004 -3"><span class='ocrx_word' id='word_1_53' title='bbox 1002 1219 1164 1263; x_wconf 85' lang='lat' dir='ltr'><em>corr.</em></span> <span class='ocrx_word' id='word_1_54' title='bbox 1196 1200 1263 1266; x_wconf 90' lang='lat' dir='ltr'><em>P.</em></span> 
     </span>
    </p>

    <p class='ocr_par' dir='ltr' id='par_1_5' title="bbox 995 1303 2456 1906">
     <span class='ocr_line' id='line_1_8' title="bbox 1083 1303 2456 1384; baseline 0.001 -19"><span class='ocrx_word' id='word_1_55' title='bbox 1083 1305 1190 1367; x_wconf 87' lang='lat'><em>22.</em></span> <span class='ocrx_word' id='word_1_56' title='bbox 1238 1303 1430 1366; x_wconf 86' lang='lat' dir='ltr'><em>altera</em></span> <span class='ocrx_word' id='word_1_57' title='bbox 1473 1312 1557 1366; x_wconf 89' lang='lat' dir='ltr'><em>est</em></span> <span class='ocrx_word' id='word_1_58' title='bbox 1589 1310 1818 1384; x_wconf 89' lang='lat' dir='ltr'><em>parata</em></span> <span class='ocrx_word' id='word_1_59' title='bbox 1861 1303 1987 1375; x_wconf 88' lang='lat' dir='ltr'><em>PF,</em></span> <span class='ocrx_word' id='word_1_60' title='bbox 2060 1304 2253 1365; x_wconf 90' lang='lat' dir='ltr'><em>altera</em></span> <span class='ocrx_word' id='word_1_61' title='bbox 2296 1323 2456 1366; x_wconf 84' lang='lat' dir='ltr'><em>com-</em></span> 
     </span>
     <span class='ocr_line' id='line_1_9' title="bbox 995 1404 2448 1494; baseline -0.003 -22"><span class='ocrx_word' id='word_1_62' title='bbox 995 1416 1219 1490; x_wconf 87' lang='lat' dir='ltr'><em>parata</em></span> <span class='ocrx_word' id='word_1_63' title='bbox 1248 1409 1332 1481; x_wconf 87' lang='lat' dir='ltr'><em>A,</em></span> <span class='ocrx_word' id='word_1_64' title='bbox 1375 1408 1571 1471; x_wconf 88' lang='lat' dir='ltr'><em>altera</em></span> <span class='ocrx_word' id='word_1_65' title='bbox 1603 1415 1687 1494; x_wconf 79' lang='lat' dir='ltr'><em>est</em></span> <span class='ocrx_word' id='word_1_66' title='bbox 1714 1416 1985 1487; x_wconf 80' lang='lat' dir='ltr'><em>seperata</em></span> <span class='ocrx_word' id='word_1_67' title='bbox 2010 1409 2083 1470; x_wconf 91' lang='lat' dir='ltr'><em>T.</em></span> <span class='ocrx_word' id='word_1_68' title='bbox 2117 1442 2199 1486; x_wconf 58' lang='grc' dir='ltr'><em>-χ-</em></span> <span class='ocrx_word' id='word_1_69' title='bbox 2227 1404 2448 1489; x_wconf 80' lang='lat' dir='ltr'><em>minus]</em></span> 
     </span>
     <span class='ocr_line' id='line_1_10' title="bbox 995 1510 2456 1591; baseline -0.002 -17"><span class='ocrx_word' id='word_1_70' title='bbox 995 1513 1195 1575; x_wconf 86' lang='lat' dir='ltr'><em>maius</em></span> <span class='ocrx_word' id='word_1_71' title='bbox 1222 1512 1293 1574; x_wconf 88' lang='lat' dir='ltr'><em>F.</em></span> <span class='ocrx_word' id='word_1_72' title='bbox 1334 1544 1419 1559; x_wconf 92' lang='lat'><em>·--</em></span> <span class='ocrx_word' id='word_1_73' title='bbox 1453 1511 1698 1591; x_wconf 86' lang='lat' dir='ltr'><em>infirma</em></span> <span class='ocrx_word' id='word_1_74' title='bbox 1725 1512 1774 1572; x_wconf 88' lang='grc' dir='ltr'><strong>Τ</strong></span> <span class='ocrx_word' id='word_1_75' title='bbox 1806 1517 1868 1571; x_wconf 84' lang='lat' dir='ltr'><em>et</em></span> <span class='ocrx_word' id='word_1_76' title='bbox 1903 1530 2069 1574; x_wconf 87' lang='lat' dir='ltr'><em>corr.</em></span> <span class='ocrx_word' id='word_1_77' title='bbox 2111 1511 2235 1573; x_wconf 82' lang='lat' dir='ltr'><em>PA.</em></span> <span class='ocrx_word' id='word_1_78' title='bbox 2306 1510 2456 1574; x_wconf 84' lang='lat' dir='ltr'><em>Post</em></span> 
     </span>
     <span class='ocr_line' id='line_1_11' title="bbox 997 1615 2456 1697; baseline -0.001 -19"><span class='ocrx_word' id='word_1_79' title='bbox 997 1616 1195 1679; x_wconf 81' lang='lat' dir='ltr'><em>verba</em></span> <span class='ocrx_word' id='word_1_80' title='bbox 1224 1615 1339 1678; x_wconf 85' lang='lat' dir='ltr'><em>erit</em></span> <span class='ocrx_word' id='word_1_81' title='bbox 1359 1616 1542 1695; x_wconf 83' lang='lat' dir='ltr'><em>firma</em></span> <span class='ocrx_word' id='word_1_82' title='bbox 1564 1615 1631 1677; x_wconf 92' lang='lat' dir='ltr'><em>in</em></span> <span class='ocrx_word' id='word_1_83' title='bbox 1662 1616 2078 1697; x_wconf 83' lang='lat' dir='ltr'><em>Rsequuntur</em></span> <span class='ocrx_word' id='word_1_84' title='bbox 2104 1615 2285 1677; x_wconf 83' lang='lat' dir='ltr'><em>haec:</em></span> <span class='ocrx_word' id='word_1_85' title='bbox 2312 1632 2456 1677; x_wconf 88' lang='lat' dir='ltr'><em>nam</em></span> 
     </span>
     <span class='ocr_line' id='line_1_12' title="bbox 998 1719 2455 1800; baseline -0.002 -18"><span class='ocrx_word' id='word_1_86' title='bbox 998 1738 1133 1782; x_wconf 88' lang='lat' dir='ltr'><em>cum</em></span> <span class='ocrx_word' id='word_1_87' title='bbox 1184 1738 1261 1782; x_wconf 75' lang='lat' dir='ltr'><em>ex</em></span> <span class='ocrx_word' id='word_1_88' title='bbox 1305 1726 1560 1800; x_wconf 84' lang='lat' dir='ltr'><em>utraque</em></span> <span class='ocrx_word' id='word_1_89' title='bbox 1604 1719 1796 1781; x_wconf 89' lang='lat' dir='ltr'><em>altera</em></span> <span class='ocrx_word' id='word_1_90' title='bbox 1826 1726 2058 1800; x_wconf 83' lang='lat' dir='ltr'><em>parata</em></span> <span class='ocrx_word' id='word_1_91' title='bbox 2100 1726 2214 1791; x_wconf 83' lang='lat' dir='ltr'><em>est,</em></span> <span class='ocrx_word' id='word_1_92' title='bbox 2259 1719 2455 1799; x_wconf 76' lang='lat' dir='ltr'><em>maqis</em></span> 
     </span>
     <span class='ocr_line' id='line_1_13' title="bbox 997 1825 1349 1906; baseline -0.003 -20"><span class='ocrx_word' id='word_1_93' title='bbox 997 1825 1113 1887; x_wconf 89' lang='lat' dir='ltr'><em>erit</em></span> <span class='ocrx_word' id='word_1_94' title='bbox 1144 1826 1349 1906; x_wconf 85' lang='lat' dir='ltr'><em>firma.</em></span> 
     </span>
    </p>

    <p class='ocr_par' dir='ltr' id='par_1_6' title="bbox 1081 1921 2059 2007">
     <span class='ocr_line' id='line_1_14' title="bbox 1081 1921 2059 2007; baseline -0.002 -17"><span class='ocrx_word' id='word_1_95' title='bbox 1081 1928 1186 1990; x_wconf 88' lang='lat'><em>23.</em></span> <span class='ocrx_word' id='word_1_96' title='bbox 1235 1928 1323 1988; x_wconf 77' lang='lat' dir='ltr'><em>sit</em></span> <span class='ocrx_word' id='word_1_97' title='bbox 1346 1945 1472 1987; x_wconf 90' lang='lat' dir='ltr'><em>om.</em></span> <span class='ocrx_word' id='word_1_98' title='bbox 1508 1925 1579 1987; x_wconf 90' lang='lat' dir='ltr'><em>F.</em></span> <span class='ocrx_word' id='word_1_99' title='bbox 1613 1959 1697 1971; x_wconf 92' lang='lat'><strong>—</strong></span> <span class='ocrx_word' id='word_1_100' title='bbox 1724 1921 1812 2007; x_wconf 72' lang='lat' dir='ltr'><em>ni]</em></span> <span class='ocrx_word' id='word_1_101' title='bbox 1851 1943 1958 1987; x_wconf 87' lang='lat' dir='ltr'><em>nec</em></span> <span class='ocrx_word' id='word_1_102' title='bbox 1992 1925 2059 1993; x_wconf 87' lang='lat' dir='ltr'><em>P.</em></span> 
     </span>
    </p>

    <p class='ocr_par' dir='ltr' id='par_1_7' title="bbox 1081 2026 1996 2111">
     <span class='ocr_line' id='line_1_15' title="bbox 1081 2026 1996 2111; baseline -0.003 -18"><span class='ocrx_word' id='word_1_103' title='bbox 1081 2031 1183 2097; x_wconf 73' lang='grc'><strong>24.</strong></span> <span class='ocrx_word' id='word_1_104' title='bbox 1232 2029 1731 2093; x_wconf 83' lang='lat' dir='ltr'><em>recessisserimus</em></span> <span class='ocrx_word' id='word_1_105' title='bbox 1768 2026 1894 2111; x_wconf 88' lang='lat' dir='ltr'><em>(sic)</em></span> <span class='ocrx_word' id='word_1_106' title='bbox 1927 2029 1996 2090; x_wconf 91' lang='lat' dir='ltr'><em>F.</em></span> 
     </span>
    </p>

    <p class='ocr_par' dir='ltr' id='par_1_8' title="bbox 995 2133 2451 2304">
     <span class='ocr_line' id='line_1_16' title="bbox 1081 2133 2451 2210; baseline -0.001 -13"><span class='ocrx_word' id='word_1_107' title='bbox 1081 2134 1186 2198; x_wconf 88' lang='grc'><em>27.</em></span> <span class='ocrx_word' id='word_1_108' title='bbox 1236 2135 1315 2197; x_wconf 79' lang='lat' dir='ltr'><em>ael</em></span> <span class='ocrx_word' id='word_1_109' title='bbox 1332 2133 1812 2197; x_wconf 82' lang='lat' dir='ltr'><em>commonendum</em></span> <span class='ocrx_word' id='word_1_110' title='bbox 1832 2134 1905 2195; x_wconf 88' lang='lat' dir='ltr'><em>R.</em></span> <span class='ocrx_word' id='word_1_111' title='bbox 1932 2167 2017 2180; x_wconf 89' lang='lat'><strong>—</strong></span> <span class='ocrx_word' id='word_1_112' title='bbox 2041 2133 2364 2199; x_wconf 77' lang='lat' dir='ltr'><em>imbecillae</em></span> <span class='ocrx_word' id='word_1_113' title='bbox 2385 2135 2451 2210; x_wconf 91' lang='lat' dir='ltr'><em>P,</em></span> 
     </span>
     <span class='ocr_line' id='line_1_17' title="bbox 995 2240 1404 2304; baseline -0.01 0"><span class='ocrx_word' id='word_1_114' title='bbox 995 2240 1304 2304; x_wconf 81' lang='lat' dir='ltr'><em>imbecillis</em></span> <span class='ocrx_word' id='word_1_115' title='bbox 1332 2240 1404 2300; x_wconf 93' lang='lat' dir='ltr'><em>B.</em></span> 
     </span>
    </p>

    <p class='ocr_par' dir='ltr' id='par_1_9' title="bbox 995 2342 2452 2517">
     <span class='ocr_line' id='line_1_18' title="bbox 1083 2342 2452 2428; baseline 0 -22"><span class='ocrx_word' id='word_1_116' title='bbox 1083 2345 1232 2428; x_wconf 82' lang='lat' dir='ltr'><strong>Pag.</strong></span> <span class='ocrx_word' id='word_1_117' title='bbox 1262 2344 1367 2407; x_wconf 89' lang='grc'><em>57.</em></span> <span class='ocrx_word' id='word_1_118' title='bbox 1401 2363 1462 2404; x_wconf 84' lang='lat' dir='ltr'><em>v.</em></span> <span class='ocrx_word' id='word_1_119' title='bbox 1490 2343 1552 2407; x_wconf 89' lang='grc'><em>2.</em></span> <span class='ocrx_word' id='word_1_120' title='bbox 1597 2342 1929 2405; x_wconf 84' lang='lat' dir='ltr'><em>cotidianas</em></span> <span class='ocrx_word' id='word_1_121' title='bbox 1948 2342 2067 2416; x_wconf 87' lang='lat' dir='ltr'><em>PB,</em></span> <span class='ocrx_word' id='word_1_122' title='bbox 2092 2342 2452 2409; x_wconf 83' lang='lat' dir='ltr'><em>cottidianas</em></span> 
     </span>
     <span class='ocr_line' id='line_1_19' title="bbox 995 2447 1941 2517; baseline -0.004 -5"><span class='ocrx_word' id='word_1_123' title='bbox 995 2449 1124 2512; x_wconf 86' lang='lat' dir='ltr'><em>AT.</em></span> <span class='ocrx_word' id='word_1_124' title='bbox 1171 2481 1247 2494; x_wconf 94' lang='lat'>—</span> <span class='ocrx_word' id='word_1_125' title='bbox 1289 2466 1390 2509; x_wconf 83' lang='lat' dir='ltr'><em>eas</em></span> <span class='ocrx_word' id='word_1_126' title='bbox 1420 2466 1525 2508; x_wconf 93' lang='lat' dir='ltr'><em>om</em></span> <span class='ocrx_word' id='word_1_127' title='bbox 1561 2447 1838 2510; x_wconf 88' lang='lat' dir='ltr'><strong>PAFRT.</strong></span> <span class='ocrx_word' id='word_1_128' title='bbox 1936 2512 1941 2517; x_wconf 85' lang='lat'><strong>.</strong></span> 
     </span>
    </p>

    <p class='ocr_par' dir='ltr' id='par_1_10' title="bbox 994 2548 2453 3060">
     <span class='ocr_line' id='line_1_20' title="bbox 1082 2548 2446 2635; baseline 0.001 -21"><span class='ocrx_word' id='word_1_129' title='bbox 1082 2554 1145 2616; x_wconf 90' lang='grc'><em>3.</em></span> <span class='ocrx_word' id='word_1_130' title='bbox 1191 2551 1361 2615; x_wconf 75' lang='lat' dir='ltr'><em>nulla</em></span> <span class='ocrx_word' id='word_1_131' title='bbox 1409 2551 1533 2615; x_wconf 83' lang='lat' dir='ltr'><em>nisi</em></span> <span class='ocrx_word' id='word_1_132' title='bbox 1584 2570 1740 2614; x_wconf 88' lang='lat' dir='ltr'><em>nova</em></span> <span class='ocrx_word' id='word_1_133' title='bbox 1794 2556 1902 2612; x_wconf 79' lang='lat' dir='ltr'><em>aut</em></span> <span class='ocrx_word' id='word_1_134' title='bbox 1955 2551 2304 2618; x_wconf 73' lang='lat' dir='ltr'><em>admirabili</em></span> <span class='ocrx_word' id='word_1_135' title='bbox 2356 2548 2446 2635; x_wconf 90' lang='lat' dir='ltr'><em>re]</em></span> 
     </span>
     <span class='ocr_line' id='line_1_21' title="bbox 994 2654 2452 2738; baseline 0.001 -20"><span class='ocrx_word' id='word_1_136' title='bbox 994 2656 1164 2718; x_wconf 86' lang='lat' dir='ltr'><em>nulla</em></span> <span class='ocrx_word' id='word_1_137' title='bbox 1188 2675 1350 2717; x_wconf 85' lang='lat' dir='ltr'><em>noua</em></span> <span class='ocrx_word' id='word_1_138' title='bbox 1372 2674 1477 2717; x_wconf 91' lang='lat' dir='ltr'><em>nec</em></span> <span class='ocrx_word' id='word_1_139' title='bbox 1497 2654 1844 2716; x_wconf 77' lang='lat' dir='ltr'><em>admirabili</em></span> <span class='ocrx_word' id='word_1_140' title='bbox 1869 2672 1966 2738; x_wconf 86' lang='lat' dir='ltr'><em>pr.</em></span> <span class='ocrx_word' id='word_1_141' title='bbox 2004 2654 2075 2729; x_wconf 90' lang='lat' dir='ltr'><em>P,</em></span> <span class='ocrx_word' id='word_1_142' title='bbox 2106 2657 2275 2718; x_wconf 87' lang='lat' dir='ltr'><em>nulla</em></span> <span class='ocrx_word' id='word_1_143' title='bbox 2290 2675 2452 2721; x_wconf 85' lang='lat' dir='ltr'><em>noua</em></span> 
     </span>
     <span class='ocr_line' id='line_1_22' title="bbox 995 2742 2452 2833; baseline 0.002 -13"><span class='ocrx_word' id='word_1_144' title='bbox 995 2776 1101 2820; x_wconf 88' lang='lat' dir='ltr'><em>nec</em></span> <span class='ocrx_word' id='word_1_145' title='bbox 1128 2757 1474 2820; x_wconf 83' lang='lat' dir='ltr'><em>admirabili</em></span> <span class='ocrx_word' id='word_1_146' title='bbox 1502 2777 1568 2823; x_wconf 87' lang='lat' dir='ltr'><em>re</em></span> <span class='ocrx_word' id='word_1_147' title='bbox 1596 2742 1761 2821; x_wconf 54' lang='lat' dir='ltr'><em>cori.</em></span> <span class='ocrx_word' id='word_1_148' title='bbox 1790 2758 1861 2833; x_wconf 90' lang='lat' dir='ltr'><em>P,</em></span> <span class='ocrx_word' id='word_1_149' title='bbox 1887 2759 2057 2822; x_wconf 81' lang='lat' dir='ltr'><em>nulla</em></span> <span class='ocrx_word' id='word_1_150' title='bbox 2077 2778 2142 2823; x_wconf 91' lang='lat' dir='ltr'><em>re</em></span> <span class='ocrx_word' id='word_1_151' title='bbox 2165 2778 2328 2823; x_wconf 81' lang='lat' dir='ltr'><em>noua</em></span> <span class='ocrx_word' id='word_1_152' title='bbox 2347 2780 2452 2824; x_wconf 89' lang='lat' dir='ltr'><em>nec</em></span> 
     </span>
     <span class='ocr_line' id='line_1_23' title="bbox 996 2859 2453 2937; baseline 0.003 -14"><span class='ocrx_word' id='word_1_153' title='bbox 996 2859 1339 2924; x_wconf 81' lang='lat' dir='ltr'><em>admirabili</em></span> <span class='ocrx_word' id='word_1_154' title='bbox 1357 2862 1535 2937; x_wconf 88' lang='lat' dir='ltr'><em>AFT,</em></span> <span class='ocrx_word' id='word_1_155' title='bbox 1557 2862 1726 2925; x_wconf 85' lang='lat' dir='ltr'><em>nulla</em></span> <span class='ocrx_word' id='word_1_156' title='bbox 1746 2880 1813 2925; x_wconf 85' lang='lat' dir='ltr'><em>re</em></span> <span class='ocrx_word' id='word_1_157' title='bbox 1840 2863 1966 2925; x_wconf 84' lang='lat' dir='ltr'><em>nisi</em></span> <span class='ocrx_word' id='word_1_158' title='bbox 1992 2882 2152 2929; x_wconf 85' lang='lat' dir='ltr'><em>noua</em></span> <span class='ocrx_word' id='word_1_159' title='bbox 2178 2873 2232 2927; x_wconf 89' lang='lat' dir='ltr'><em>et</em></span> <span class='ocrx_word' id='word_1_160' title='bbox 2258 2865 2453 2928; x_wconf 85' lang='lat' dir='ltr'><em>admi-</em></span> 
     </span>
     <span class='ocr_line' id='line_1_24' title="bbox 996 2965 2390 3060; baseline 0.004 -33"><span class='ocrx_word' id='word_1_161' title='bbox 996 2965 1179 3034; x_wconf 82' lang='lat' dir='ltr'><em>rabili</em></span> <span class='ocrx_word' id='word_1_162' title='bbox 1206 2967 1281 3029; x_wconf 90' lang='lat' dir='ltr'><em>R.</em></span> <span class='ocrx_word' id='word_1_163' title='bbox 2389 3057 2390 3060; x_wconf 8' lang='grc' dir='ltr'><strong>Ἴ</strong></span> 
     </span>
    </p>

    <p class='ocr_par' dir='ltr' id='par_1_11' title="bbox 993 3069 2451 3255">
     <span class='ocr_line' id='line_1_25' title="bbox 1078 3069 2451 3157; baseline 0.005 -25"><span class='ocrx_word' id='word_1_164' title='bbox 1078 3070 1139 3132; x_wconf 89' lang='grc'><em>5.</em></span> <span class='ocrx_word' id='word_1_165' title='bbox 1186 3076 1356 3150; x_wconf 76' lang='lat' dir='ltr'><em>turpe</em></span> <span class='ocrx_word' id='word_1_166' title='bbox 1387 3069 1456 3132; x_wconf 88' lang='lat' dir='ltr'><em>in</em></span> <span class='ocrx_word' id='word_1_167' title='bbox 1477 3071 1743 3136; x_wconf 77' lang='lat' dir='ltr'><em>homines</em></span> <span class='ocrx_word' id='word_1_168' title='bbox 1770 3072 2256 3146; x_wconf 76' lang='lat' dir='ltr'><em>tuminauditum</em></span> <span class='ocrx_word' id='word_1_169' title='bbox 2284 3094 2451 3157; x_wconf 76' lang='lat' dir='ltr'><em>maq-</em></span> 
     </span>
     <span class='ocr_line' id='line_1_26' title="bbox 993 3173 2108 3255; baseline 0.005 -21"><span class='ocrx_word' id='word_1_170' title='bbox 993 3191 1139 3234; x_wconf 80' lang='lat' dir='ltr'><em>num</em></span> <span class='ocrx_word' id='word_1_171' title='bbox 1159 3173 1499 3236; x_wconf 82' lang='lat' dir='ltr'><em>incredibile</em></span> <span class='ocrx_word' id='word_1_172' title='bbox 1509 3176 1920 3255; x_wconf 76' lang='lat' dir='ltr'><em>periculosum</em></span> <span class='ocrx_word' id='word_1_173' title='bbox 1945 3178 2009 3239; x_wconf 87' lang='lat' dir='ltr'><em>id</em></span> <span class='ocrx_word' id='word_1_174' title='bbox 2036 3180 2108 3241; x_wconf 93' lang='lat' dir='ltr'><em>B.</em></span> 
     </span>
    </p>

    <p class='ocr_par' dir='ltr' id='par_1_12' title="bbox 993 3278 2448 3464">
     <span class='ocr_line' id='line_1_27' title="bbox 1080 3278 2448 3358; baseline 0.006 -20"><span class='ocrx_word' id='word_1_175' title='bbox 1080 3278 1141 3339; x_wconf 87' lang='grc'><em>6.</em></span> <span class='ocrx_word' id='word_1_176' title='bbox 1189 3278 1450 3358; x_wconf 83' lang='lat' dir='ltr'><em>Itemque</em></span> <span class='ocrx_word' id='word_1_177' title='bbox 1479 3311 1504 3323; x_wconf 90' lang='lat'><strong>·</strong></span> <span class='ocrx_word' id='word_1_178' title='bbox 1534 3311 1565 3324; x_wconf 93' lang='lat'>-</span> <span class='ocrx_word' id='word_1_179' title='bbox 1594 3312 1627 3326; x_wconf 92' lang='lat'>-</span> <span class='ocrx_word' id='word_1_180' title='bbox 1652 3279 1916 3344; x_wconf 79' lang='lat' dir='ltr'><em>videmus</em></span> <span class='ocrx_word' id='word_1_181' title='bbox 1955 3301 2061 3344; x_wconf 92' lang='lat' dir='ltr'><em>om</em></span> <span class='ocrx_word' id='word_1_182' title='bbox 2101 3282 2328 3348; x_wconf 85' lang='lat' dir='ltr'><strong>PAFT.</strong></span> <span class='ocrx_word' id='word_1_183' title='bbox 2367 3318 2448 3334; x_wconf 92' lang='lat'><em>--</em></span> 
     </span>
     <span class='ocr_line' id='line_1_28' title="bbox 993 3377 1660 3464; baseline 0.006 -22"><span class='ocrx_word' id='word_1_184' title='bbox 993 3377 1277 3464; x_wconf 77' lang='lat' dir='ltr'><em>Itemque]</em></span> <span class='ocrx_word' id='word_1_185' title='bbox 1308 3381 1507 3462; x_wconf 83' lang='lat' dir='ltr'><em>itaque</em></span> <span class='ocrx_word' id='word_1_186' title='bbox 1535 3384 1660 3446; x_wconf 90' lang='lat' dir='ltr'><em>BR.</em></span> 
     </span>
    </p>

    <p class='ocr_par' dir='ltr' id='par_1_13' title="bbox 995 3480 2453 3775">
     <span class='ocr_line' id='line_1_29' title="bbox 1079 3480 2453 3573; baseline 0.007 -28"><span class='ocrx_word' id='word_1_187' title='bbox 1079 3484 1142 3545; x_wconf 89' lang='grc'><em>7.</em></span> <span class='ocrx_word' id='word_1_188' title='bbox 1190 3480 1317 3566; x_wconf 88' lang='lat' dir='ltr'><em>aut]</em></span> <span class='ocrx_word' id='word_1_189' title='bbox 1360 3494 1429 3547; x_wconf 88' lang='lat' dir='ltr'><em>ut</em></span> <span class='ocrx_word' id='word_1_190' title='bbox 1469 3487 1624 3567; x_wconf 81' lang='lat' dir='ltr'><em>quod</em></span> <span class='ocrx_word' id='word_1_191' title='bbox 1672 3483 1755 3567; x_wconf 84' lang='lat' dir='ltr'><em>(in</em></span> <span class='ocrx_word' id='word_1_192' title='bbox 1786 3487 2020 3570; x_wconf 81' lang='lat' dir='ltr'><em>rasura)</em></span> <span class='ocrx_word' id='word_1_193' title='bbox 2068 3489 2139 3562; x_wconf 89' lang='lat' dir='ltr'><em>P,</em></span> <span class='ocrx_word' id='word_1_194' title='bbox 2197 3500 2262 3552; x_wconf 85' lang='lat' dir='ltr'><em>at</em></span> <span class='ocrx_word' id='word_1_195' title='bbox 2297 3493 2453 3573; x_wconf 83' lang='lat' dir='ltr'><em>quod</em></span> 
     </span>
     <span class='ocr_line' id='line_1_30' title="bbox 995 3586 2451 3674; baseline 0.008 -26"><span class='ocrx_word' id='word_1_196' title='bbox 995 3588 1101 3648; x_wconf 87' lang='lat' dir='ltr'><em>AT</em></span> <span class='ocrx_word' id='word_1_197' title='bbox 1128 3592 1192 3649; x_wconf 85' lang='lat' dir='ltr'><em>et</em></span> <span class='ocrx_word' id='word_1_198' title='bbox 1213 3586 1561 3669; x_wconf 86' lang='lat' dir='ltr'><em>(superscr.</em></span> <span class='ocrx_word' id='word_1_199' title='bbox 1580 3589 1712 3665; x_wconf 81' lang='lat' dir='ltr'><em>aut)</em></span> <span class='ocrx_word' id='word_1_200' title='bbox 1734 3590 1806 3665; x_wconf 86' lang='lat' dir='ltr'><em>F,</em></span> <span class='ocrx_word' id='word_1_201' title='bbox 1833 3600 1888 3654; x_wconf 90' lang='lat' dir='ltr'><em>et</em></span> <span class='ocrx_word' id='word_1_202' title='bbox 1900 3589 2070 3672; x_wconf 87' lang='lat' dir='ltr'><em>(sine</em></span> <span class='ocrx_word' id='word_1_203' title='bbox 2086 3595 2271 3674; x_wconf 83' lang='lat' dir='ltr'><em>quod)</em></span> <span class='ocrx_word' id='word_1_204' title='bbox 2287 3597 2451 3660; x_wconf 85' lang='lat' dir='ltr'><em>R.-</em></span> 
     </span>
     <span class='ocr_line' id='line_1_31' title="bbox 995 3693 1760 3775; baseline 0.005 -22"><span class='ocrx_word' id='word_1_205' title='bbox 995 3708 1198 3753; x_wconf 81' lang='lat' dir='ltr'><em>rcccns</em></span> <span class='ocrx_word' id='word_1_206' title='bbox 1222 3711 1349 3754; x_wconf 91' lang='lat' dir='ltr'><em>om.</em></span> <span class='ocrx_word' id='word_1_207' title='bbox 1389 3693 1440 3754; x_wconf 79' lang='lat' dir='ltr'><strong>R</strong></span> <span class='ocrx_word' id='word_1_208' title='bbox 1472 3700 1535 3755; x_wconf 87' lang='lat' dir='ltr'><em>et</em></span> <span class='ocrx_word' id='word_1_209' title='bbox 1563 3714 1660 3775; x_wconf 87' lang='lat' dir='ltr'><em>pr.</em></span> <span class='ocrx_word' id='word_1_210' title='bbox 1689 3695 1760 3757; x_wconf 95' lang='lat' dir='ltr'><em>P.</em></span> 
     </span>
    </p>

    <p class='ocr_par' dir='ltr' id='par_1_14' title="bbox 996 3794 2455 3982">
     <span class='ocr_line' id='line_1_32' title="bbox 1078 3794 2455 3884; baseline 0.009 -28"><span class='ocrx_word' id='word_1_211' title='bbox 1078 3794 1138 3857; x_wconf 79' lang='lat'><em>9.</em></span> <span class='ocrx_word' id='word_1_212' title='bbox 1177 3795 1332 3875; x_wconf 79' lang='lat' dir='ltr'><em>quod</em></span> <span class='ocrx_word' id='word_1_213' title='bbox 1352 3815 1480 3858; x_wconf 89' lang='lat' dir='ltr'><em>om.</em></span> <span class='ocrx_word' id='word_1_214' title='bbox 1515 3798 1590 3858; x_wconf 88' lang='lat' dir='ltr'><em>R.</em></span> <span class='ocrx_word' id='word_1_215' title='bbox 1621 3831 1696 3844; x_wconf 90' lang='lat'><em>-</em></span> <span class='ocrx_word' id='word_1_216' title='bbox 1715 3800 1896 3880; x_wconf 80' lang='lat' dir='ltr'><em>facile</em></span> <span class='ocrx_word' id='word_1_217' title='bbox 1922 3803 2213 3866; x_wconf 86' lang='lat' dir='ltr'><em>memoria</em></span> <span class='ocrx_word' id='word_1_218' title='bbox 2243 3800 2455 3884; x_wconf 84' lang='lat' dir='ltr'><em>(omis-</em></span> 
     </span>
     <span class='ocr_line' id='line_1_33' title="bbox 996 3896 2450 3982; baseline 0.01 -24"><span class='ocrx_word' id='word_1_219' title='bbox 996 3916 1066 3959; x_wconf 83' lang='lat' dir='ltr'><em>so</em></span> <span class='ocrx_word' id='word_1_220' title='bbox 1090 3896 1151 3976; x_wconf 93' lang='lat' dir='ltr'><em>e)</em></span> <span class='ocrx_word' id='word_1_221' title='bbox 1174 3899 1245 3971; x_wconf 92' lang='lat' dir='ltr'><em>B,</em></span> <span class='ocrx_word' id='word_1_222' title='bbox 1279 3919 1309 3960; x_wconf 91' lang='lat' dir='ltr'><em>e</em></span> <span class='ocrx_word' id='word_1_223' title='bbox 1337 3901 1627 3964; x_wconf 88' lang='lat' dir='ltr'><em>memoria</em></span> <span class='ocrx_word' id='word_1_224' title='bbox 1648 3902 1828 3982; x_wconf 73' lang='lat' dir='ltr'><em>facile</em></span> <span class='ocrx_word' id='word_1_225' title='bbox 1858 3905 1933 3967; x_wconf 90' lang='lat' dir='ltr'><em>R.</em></span> <span class='ocrx_word' id='word_1_226' title='bbox 1968 3938 2048 3950; x_wconf 94' lang='lat'><em>—-</em></span> <span class='ocrx_word' id='word_1_227' title='bbox 2073 3906 2353 3970; x_wconf 85' lang='lat' dir='ltr'><em>labuntur</em></span> <span class='ocrx_word' id='word_1_228' title='bbox 2379 3910 2450 3973; x_wconf 87' lang='lat' dir='ltr'><em>R.</em></span> 
     </span>
    </p>

    <p class='ocr_par' dir='ltr' id='par_1_15' title="bbox 994 4000 2454 4279">
     <span class='ocr_line' id='line_1_34' title="bbox 1085 4000 2454 4086; baseline 0.01 -24"><span class='ocrx_word' id='word_1_229' title='bbox 1085 4002 1185 4062; x_wconf 87' lang='grc'><em>10.</em></span> <span class='ocrx_word' id='word_1_230' title='bbox 1230 4012 1470 4064; x_wconf 85' lang='lat' dir='ltr'><em>manent</em></span> <span class='ocrx_word' id='word_1_231' title='bbox 1515 4000 1764 4086; x_wconf 84' lang='lat' dir='ltr'><em>diutius]</em></span> <span class='ocrx_word' id='word_1_232' title='bbox 1821 4006 2050 4070; x_wconf 84' lang='lat' dir='ltr'><em>diutius</em></span> <span class='ocrx_word' id='word_1_233' title='bbox 2094 4020 2335 4074; x_wconf 89' lang='lat' dir='ltr'><em>manent</em></span> <span class='ocrx_word' id='word_1_234' title='bbox 2385 4015 2454 4075; x_wconf 88' lang='lat' dir='ltr'><em>in</em></span> 
     </span>
     <span class='ocr_line' id='line_1_35' title="bbox 995 4103 2449 4180; baseline 0.011 -17"><span class='ocrx_word' id='word_1_235' title='bbox 995 4103 1200 4165; x_wconf 89' lang='lat' dir='ltr'><em>animo</em></span> <span class='ocrx_word' id='word_1_236' title='bbox 1239 4105 1311 4178; x_wconf 93' lang='lat' dir='ltr'><em>B,</em></span> <span class='ocrx_word' id='word_1_237' title='bbox 1359 4106 1426 4168; x_wconf 92' lang='lat' dir='ltr'><em>in</em></span> <span class='ocrx_word' id='word_1_238' title='bbox 1466 4107 1668 4170; x_wconf 83' lang='lat' dir='ltr'><em>animo</em></span> <span class='ocrx_word' id='word_1_239' title='bbox 1709 4118 1946 4173; x_wconf 85' lang='lat' dir='ltr'><em>manent</em></span> <span class='ocrx_word' id='word_1_240' title='bbox 1988 4112 2217 4176; x_wconf 83' lang='lat' dir='ltr'><em>diutius</em></span> <span class='ocrx_word' id='word_1_241' title='bbox 2258 4117 2331 4180; x_wconf 90' lang='lat' dir='ltr'><em>R.</em></span> <span class='ocrx_word' id='word_1_242' title='bbox 2371 4150 2449 4161; x_wconf 93' lang='lat'><em>-</em></span> 
     </span>
     <span class='ocr_line' id='line_1_36' title="bbox 994 4205 2193 4279; baseline 0.008 -10"><span class='ocrx_word' id='word_1_243' title='bbox 994 4205 1158 4269; x_wconf 85' lang='lat' dir='ltr'><em>Solis</em></span> <span class='ocrx_word' id='word_1_244' title='bbox 1186 4225 1315 4269; x_wconf 90' lang='lat' dir='ltr'><em>om.</em></span> <span class='ocrx_word' id='word_1_245' title='bbox 1343 4210 1565 4274; x_wconf 86' lang='lat' dir='ltr'><strong>PAFT.</strong></span> <span class='ocrx_word' id='word_1_246' title='bbox 1600 4245 1675 4258; x_wconf 91' lang='grc'><strong>-</strong></span> <span class='ocrx_word' id='word_1_247' title='bbox 1703 4232 1946 4276; x_wconf 81' lang='lat' dir='ltr'><em>occasus</em></span> <span class='ocrx_word' id='word_1_248' title='bbox 1967 4236 2094 4278; x_wconf 90' lang='lat' dir='ltr'><em>om.</em></span> <span class='ocrx_word' id='word_1_249' title='bbox 2122 4219 2193 4279; x_wconf 90' lang='grc' dir='ltr'><em>Β.</em></span> 
     </span>
    </p>

    <p class='ocr_par' dir='ltr' id='par_1_16' title="bbox 994 4309 2453 4502">
     <span class='ocr_line' id='line_1_37' title="bbox 1083 4309 2453 4395; baseline 0.011 -24"><span class='ocrx_word' id='word_1_250' title='bbox 1083 4311 1184 4372; x_wconf 90' lang='grc'><em>11.</em></span> <span class='ocrx_word' id='word_1_251' title='bbox 1231 4309 1405 4394; x_wconf 81' lang='lat' dir='ltr'><em>quod]</em></span> <span class='ocrx_word' id='word_1_252' title='bbox 1436 4315 1580 4395; x_wconf 83' lang='lat' dir='ltr'><em>quia</em></span> <span class='ocrx_word' id='word_1_253' title='bbox 1609 4316 1678 4379; x_wconf 94' lang='lat' dir='ltr'><em>P.</em></span> <span class='ocrx_word' id='word_1_254' title='bbox 1697 4351 1780 4364; x_wconf 93' lang='lat'><em>-</em></span> <span class='ocrx_word' id='word_1_255' title='bbox 1809 4320 2043 4383; x_wconf 84' lang='lat' dir='ltr'><em>cottidie</em></span> <span class='ocrx_word' id='word_1_256' title='bbox 2078 4322 2205 4395; x_wconf 88' lang='lat' dir='ltr'><em>AT,</em></span> <span class='ocrx_word' id='word_1_257' title='bbox 2242 4323 2453 4386; x_wconf 83' lang='lat' dir='ltr'><em>cotidie</em></span> 
     </span>
     <span class='ocr_line' id='line_1_38' title="bbox 994 4414 2445 4502; baseline 0.01 -27"><span class='ocrx_word' id='word_1_258' title='bbox 994 4414 1066 4476; x_wconf 94' lang='lat' dir='ltr'><em>B.</em></span> <span class='ocrx_word' id='word_1_259' title='bbox 1093 4446 1178 4460; x_wconf 92' lang='lat'>—</span> <span class='ocrx_word' id='word_1_260' title='bbox 1198 4415 1447 4497; x_wconf 75' lang='lat' dir='ltr'><em>eclypsis</em></span> <span class='ocrx_word' id='word_1_261' title='bbox 1464 4418 1563 4480; x_wconf 92' lang='lat' dir='ltr'><em>PT</em></span> <span class='ocrx_word' id='word_1_262' title='bbox 1577 4464 1597 4492; x_wconf 93' lang='lat'><strong>,</strong></span> <span class='ocrx_word' id='word_1_263' title='bbox 1642 4421 1876 4502; x_wconf 81' lang='lat' dir='ltr'><em>eclipsis</em></span> <span class='ocrx_word' id='word_1_264' title='bbox 1896 4423 2070 4485; x_wconf 85' lang='lat' dir='ltr'><strong>ABF.</strong></span> <span class='ocrx_word' id='word_1_265' title='bbox 2090 4424 2241 4487; x_wconf 78' lang='lat' dir='ltr'><em>item</em></span> <span class='ocrx_word' id='word_1_266' title='bbox 2259 4448 2318 4488; x_wconf 90' lang='lat' dir='ltr'><em>v.</em></span> <span class='ocrx_word' id='word_1_267' title='bbox 2348 4429 2445 4490; x_wconf 88' lang='lat'><em>12.</em></span> 
     </span>
    </p>
   </div>
   <div class='ocr_carea' id='block_1_5' title="bbox 1080 4517 2381 4688">
    <p class='ocr_par' dir='ltr' id='par_1_17' title="bbox 1080 4517 2381 4688">
     <span class='ocr_line' id='line_1_39' title="bbox 1083 4517 2381 4607; baseline 0.01 -28"><span class='ocrx_word' id='word_1_268' title='bbox 1083 4518 1185 4580; x_wconf 84' lang='lat'><em>12.</em></span> <span class='ocrx_word' id='word_1_269' title='bbox 1238 4517 1543 4604; x_wconf 85' lang='lat' dir='ltr'><em>quoniam]</em></span> <span class='ocrx_word' id='word_1_270' title='bbox 1566 4532 1890 4603; x_wconf 89' lang='lat' dir='ltr'><em>propterca</em></span> <span class='ocrx_word' id='word_1_271' title='bbox 1916 4526 2072 4607; x_wconf 81' lang='lat' dir='ltr'><em>quod</em></span> <span class='ocrx_word' id='word_1_272' title='bbox 2105 4526 2381 4593; x_wconf 85' lang='lat' dir='ltr'><strong>PAFRT.</strong></span> 
     </span>
     <span class='ocr_line' id='line_1_40' title="bbox 1080 4621 1811 4688; baseline 0.01 -7"><span class='ocrx_word' id='word_1_273' title='bbox 1080 4621 1180 4683; x_wconf 89' lang='lat'><em>13.</em></span> <span class='ocrx_word' id='word_1_274' title='bbox 1222 4631 1449 4687; x_wconf 83' lang='lat' dir='ltr'><em>natura</em></span> <span class='ocrx_word' id='word_1_275' title='bbox 1489 4645 1549 4687; x_wconf 81' lang='lat' dir='ltr'><em>se</em></span> <span class='ocrx_word' id='word_1_276' title='bbox 1582 4626 1811 4688; x_wconf 85' lang='lat' dir='ltr'><strong>AFRT.</strong></span> 
     </span>
    </p>
   </div>
   <div class='ocr_carea' id='block_1_6' title="bbox 1082 4722 2440 4925">
    <p class='ocr_par' dir='ltr' id='par_1_18' title="bbox 1082 4722 2440 4925">
     <span class='ocr_line' id='line_1_41' title="bbox 1082 4722 1957 4795; baseline 0.011 -11"><span class='ocrx_word' id='word_1_277' title='bbox 1082 4722 1181 4786; x_wconf 65' lang='lat'><em>14.</em></span> <span class='ocrx_word' id='word_1_278' title='bbox 1226 4727 1491 4790; x_wconf 84' lang='lat' dir='ltr'><em>nouitate</em></span> <span class='ocrx_word' id='word_1_279' title='bbox 1526 4749 1669 4793; x_wconf 88' lang='lat' dir='ltr'><em>uero</em></span> <span class='ocrx_word' id='word_1_280' title='bbox 1700 4739 1754 4794; x_wconf 93' lang='lat' dir='ltr'><em>et</em></span> <span class='ocrx_word' id='word_1_281' title='bbox 1782 4732 1957 4795; x_wconf 83' lang='lat' dir='ltr'><strong>AFR.</strong></span> 
     </span>
     <span class='ocr_line' id='line_1_42' title="bbox 1082 4826 2440 4925; baseline 0.011 -37"><span class='ocrx_word' id='word_1_282' title='bbox 1082 4826 1182 4890; x_wconf 95' lang='lat'><em>15.</em></span> <span class='ocrx_word' id='word_1_283' title='bbox 1229 4846 1337 4890; x_wconf 85' lang='lat' dir='ltr'><em>ars</em></span> <span class='ocrx_word' id='word_1_284' title='bbox 1365 4831 1555 4911; x_wconf 72' lang='lat' dir='ltr'><em>iyitur</em></span> <span class='ocrx_word' id='word_1_285' title='bbox 1597 4834 1715 4909; x_wconf 89' lang='lat' dir='ltr'><em>PF,</em></span> <span class='ocrx_word' id='word_1_286' title='bbox 1736 4853 1890 4917; x_wconf 74' lang='lat' dir='ltr'><em>‚erqo</em></span> <span class='ocrx_word' id='word_1_287' title='bbox 1925 4854 2032 4899; x_wconf 85' lang='lat' dir='ltr'><em>ars</em></span> <span class='ocrx_word' id='word_1_288' title='bbox 2060 4838 2133 4899; x_wconf 92' lang='lat' dir='ltr'><em>T.</em></span> <span class='ocrx_word' id='word_1_289' title='bbox 2158 4870 2243 4885; x_wconf 94' lang='lat'><em>-</em></span> <span class='ocrx_word' id='word_1_290' title='bbox 2265 4837 2440 4925; x_wconf 85' lang='lat' dir='ltr'><em>quod]</em></span> 
     </span>
    </p>
   </div>
   <div class='ocr_carea' id='block_1_7' title="bbox 2527 992 3992 2414">
    <p class='ocr_par' dir='ltr' id='par_1_19' title="bbox 2527 992 3164 1075">
     <span class='ocr_line' id='line_1_43' title="bbox 2527 992 3164 1075; baseline 0.002 -20"><span class='ocrx_word' id='word_1_291' title='bbox 2527 996 2681 1056; x_wconf 87' lang='lat' dir='ltr'><em>niat.</em></span> <span class='ocrx_word' id='word_1_292' title='bbox 2728 994 2884 1074; x_wconf 82' lang='lat' dir='ltr'><em>quod</em></span> <span class='ocrx_word' id='word_1_293' title='bbox 2920 1014 3020 1075; x_wconf 87' lang='lat' dir='ltr'><em>pr.</em></span> <span class='ocrx_word' id='word_1_294' title='bbox 3055 992 3164 1072; x_wconf 87' lang='lat' dir='ltr'><em>P.)</em></span> 
     </span>
    </p>

    <p class='ocr_par' dir='ltr' id='par_1_20' title="bbox 2619 1097 3356 1161">
     <span class='ocr_line' id='line_1_44' title="bbox 2619 1097 3356 1161; baseline 0 0"><span class='ocrx_word' id='word_1_295' title='bbox 2619 1100 2717 1161; x_wconf 87' lang='lat'><em>16.</em></span> <span class='ocrx_word' id='word_1_296' title='bbox 2771 1097 2928 1160; x_wconf 85' lang='lat' dir='ltr'><em>enim</em></span> <span class='ocrx_word' id='word_1_297' title='bbox 2961 1106 3046 1159; x_wconf 86' lang='lat' dir='ltr'><em>est</em></span> <span class='ocrx_word' id='word_1_298' title='bbox 3075 1097 3356 1161; x_wconf 89' lang='lat' dir='ltr'><strong>ABFRT.</strong></span> 
     </span>
    </p>

    <p class='ocr_par' dir='ltr' id='par_1_21' title="bbox 2623 1198 3172 1284">
     <span class='ocr_line' id='line_1_45' title="bbox 2623 1198 3172 1284; baseline 0.004 -22"><span class='ocrx_word' id='word_1_299' title='bbox 2623 1203 2722 1263; x_wconf 88' lang='lat'><em>17.</em></span> <span class='ocrx_word' id='word_1_300' title='bbox 2771 1198 2890 1284; x_wconf 85' lang='lat' dir='ltr'><em>sed]</em></span> <span class='ocrx_word' id='word_1_301' title='bbox 2925 1202 3071 1283; x_wconf 85' lang='lat' dir='ltr'><em>quia</em></span> <span class='ocrx_word' id='word_1_302' title='bbox 3100 1203 3172 1265; x_wconf 90' lang='grc' dir='ltr'><em>Β.</em></span> 
     </span>
    </p>

    <p class='ocr_par' dir='ltr' id='par_1_22' title="bbox 2529 1305 3988 1593">
     <span class='ocr_line' id='line_1_46' title="bbox 2618 1305 3988 1393; baseline 0.004 -25"><span class='ocrx_word' id='word_1_303' title='bbox 2618 1306 2718 1368; x_wconf 90' lang='grc'><strong>18.</strong></span> <span class='ocrx_word' id='word_1_304' title='bbox 2768 1314 2844 1367; x_wconf 66' lang='grc' dir='ltr'><em>εἰ,</em></span> <span class='ocrx_word' id='word_1_305' title='bbox 2868 1324 2995 1369; x_wconf 91' lang='lat' dir='ltr'><em>om.</em></span> <span class='ocrx_word' id='word_1_306' title='bbox 3044 1326 3143 1387; x_wconf 87' lang='lat' dir='ltr'><em>pr.</em></span> <span class='ocrx_word' id='word_1_307' title='bbox 3175 1305 3270 1385; x_wconf 88' lang='lat' dir='ltr'><em>P.</em></span> <span class='ocrx_word' id='word_1_308' title='bbox 3331 1339 3410 1353; x_wconf 91' lang='lat'><em>--</em></span> <span class='ocrx_word' id='word_1_309' title='bbox 3454 1305 3677 1393; x_wconf 78' lang='lat' dir='ltr'><em>exitus]</em></span> <span class='ocrx_word' id='word_1_310' title='bbox 3731 1331 3810 1373; x_wconf 78' lang='lat' dir='ltr'><em>ex</em></span> <span class='ocrx_word' id='word_1_311' title='bbox 3859 1312 3988 1374; x_wconf 85' lang='lat' dir='ltr'><em>eius</em></span> 
     </span>
     <span class='ocr_line' id='line_1_47' title="bbox 2529 1409 3986 1498; baseline 0.005 -29"><span class='ocrx_word' id='word_1_312' title='bbox 2529 1409 2704 1482; x_wconf 86' lang='lat' dir='ltr'><strong>PAF,</strong></span> <span class='ocrx_word' id='word_1_313' title='bbox 2737 1428 2815 1471; x_wconf 74' lang='lat' dir='ltr'><em>ea·</em></span> <span class='ocrx_word' id='word_1_314' title='bbox 2841 1409 2927 1489; x_wconf 82' lang='lat' dir='ltr'><em>eis</em></span> <span class='ocrx_word' id='word_1_315' title='bbox 2946 1410 3018 1471; x_wconf 88' lang='lat' dir='ltr'><em>T.</em></span> <span class='ocrx_word' id='word_1_316' title='bbox 3049 1438 3123 1449; x_wconf 92' lang='lat'><em>—-</em></span> <span class='ocrx_word' id='word_1_317' title='bbox 3150 1419 3542 1491; x_wconf 86' lang='lat' dir='ltr'><em>comparatur</em></span> <span class='ocrx_word' id='word_1_318' title='bbox 3567 1414 3639 1477; x_wconf 89' lang='lat' dir='ltr'><em>R.</em></span> <span class='ocrx_word' id='word_1_319' title='bbox 3661 1449 3745 1461; x_wconf 95' lang='lat'><strong>—</strong></span> <span class='ocrx_word' id='word_1_320' title='bbox 3775 1411 3986 1498; x_wconf 75' lang='lat' dir='ltr'><em>iqitur]</em></span> 
     </span>
     <span class='ocr_line' id='line_1_48' title="bbox 2529 1512 3446 1593; baseline 0.005 -21"><span class='ocrx_word' id='word_1_321' title='bbox 2529 1512 2721 1593; x_wconf 74' lang='lat' dir='ltr'><em>iqitur</em></span> <span class='ocrx_word' id='word_1_322' title='bbox 2751 1532 2820 1573; x_wconf 89' lang='lat' dir='ltr'><em>ea</em></span> <span class='ocrx_word' id='word_1_323' title='bbox 2850 1514 2922 1573; x_wconf 92' lang='lat' dir='ltr'><em>T.</em></span> <span class='ocrx_word' id='word_1_324' title='bbox 2953 1546 3037 1558; x_wconf 92' lang='lat'><strong>—</strong></span> <span class='ocrx_word' id='word_1_325' title='bbox 3062 1532 3173 1574; x_wconf 85' lang='lat' dir='ltr'><em>nos</em></span> <span class='ocrx_word' id='word_1_326' title='bbox 3209 1532 3338 1577; x_wconf 90' lang='lat' dir='ltr'><em>om.</em></span> <span class='ocrx_word' id='word_1_327' title='bbox 3373 1517 3446 1577; x_wconf 93' lang='lat' dir='ltr'><em>B.</em></span> 
     </span>
    </p>

    <p class='ocr_par' dir='ltr' id='par_1_23' title="bbox 2619 1616 3632 1696">
     <span class='ocr_line' id='line_1_49' title="bbox 2619 1616 3632 1696; baseline 0.005 -18"><span class='ocrx_word' id='word_1_328' title='bbox 2619 1617 2717 1682; x_wconf 90' lang='grc'><strong>19.</strong></span> <span class='ocrx_word' id='word_1_329' title='bbox 2763 1616 3051 1696; x_wconf 80' lang='lat' dir='ltr'><em>oportebit</em></span> <span class='ocrx_word' id='word_1_330' title='bbox 3077 1618 3433 1681; x_wconf 82' lang='lat' dir='ltr'><em>constituere</em></span> <span class='ocrx_word' id='word_1_331' title='bbox 3453 1620 3632 1683; x_wconf 89' lang='lat' dir='ltr'><strong>FRT.</strong></span> 
     </span>
    </p>

    <p class='ocr_par' dir='ltr' id='par_1_24' title="bbox 2618 1719 3504 1784">
     <span class='ocr_line' id='line_1_50' title="bbox 2618 1719 3504 1784; baseline 0.005 -4"><span class='ocrx_word' id='word_1_332' title='bbox 2618 1720 2719 1781; x_wconf 87' lang='lat'><em>19.</em></span> <span class='ocrx_word' id='word_1_333' title='bbox 2768 1719 2836 1780; x_wconf 90' lang='lat' dir='ltr'><em>in</em></span> <span class='ocrx_word' id='word_1_334' title='bbox 2861 1720 3153 1782; x_wconf 88' lang='lat' dir='ltr'><em>memoria</em></span> <span class='ocrx_word' id='word_1_335' title='bbox 3173 1740 3413 1784; x_wconf 87' lang='lat' dir='ltr'><em>manere</em></span> <span class='ocrx_word' id='word_1_336' title='bbox 3435 1722 3504 1784; x_wconf 94' lang='lat' dir='ltr'><em>P.</em></span> 
     </span>
    </p>

    <p class='ocr_par' dir='ltr' id='par_1_25' title="bbox 2529 1818 3988 2014">
     <span class='ocr_line' id='line_1_51' title="bbox 2613 1818 3988 1909; baseline 0.008 -25"><span class='ocrx_word' id='word_1_337' title='bbox 2613 1823 2718 1884; x_wconf 92' lang='grc'><strong>20.</strong></span> <span class='ocrx_word' id='word_1_338' title='bbox 2767 1818 2859 1904; x_wconf 87' lang='lat' dir='ltr'><em>Id]</em></span> <span class='ocrx_word' id='word_1_339' title='bbox 2893 1822 3061 1887; x_wconf 85' lang='lat' dir='ltr'><em>Haec</em></span> <span class='ocrx_word' id='word_1_340' title='bbox 3084 1842 3181 1885; x_wconf 88' lang='lat' dir='ltr'><em>res</em></span> <span class='ocrx_word' id='word_1_341' title='bbox 3206 1826 3261 1886; x_wconf 87' lang='lat' dir='ltr'><em>ei</em></span> <span class='ocrx_word' id='word_1_342' title='bbox 3283 1825 3398 1899; x_wconf 87' lang='lat' dir='ltr'><em>PF,</em></span> <span class='ocrx_word' id='word_1_343' title='bbox 3423 1827 3595 1891; x_wconf 86' lang='lat' dir='ltr'><em>Haec</em></span> <span class='ocrx_word' id='word_1_344' title='bbox 3611 1847 3707 1892; x_wconf 84' lang='lat' dir='ltr'><em>res</em></span> <span class='ocrx_word' id='word_1_345' title='bbox 3722 1831 3988 1909; x_wconf 81' lang='lat' dir='ltr'><em>(omisso</em></span> 
     </span>
     <span class='ocr_line' id='line_1_52' title="bbox 2529 1924 3822 2014; baseline 0.008 -27"><span class='ocrx_word' id='word_1_346' title='bbox 2529 1924 2618 2005; x_wconf 87' lang='lat' dir='ltr'><em>ei)</em></span> <span class='ocrx_word' id='word_1_347' title='bbox 2647 1928 2773 1988; x_wconf 90' lang='lat' dir='ltr'><em>RT.</em></span> <span class='ocrx_word' id='word_1_348' title='bbox 2805 1959 2882 1972; x_wconf 89' lang='lat'>—</span> <span class='ocrx_word' id='word_1_349' title='bbox 2912 1933 3087 1988; x_wconf 87' lang='lat' dir='ltr'><em>notas</em></span> <span class='ocrx_word' id='word_1_350' title='bbox 3110 1928 3388 1991; x_wconf 88' lang='lat' dir='ltr'><strong>PAFRT.</strong></span> <span class='ocrx_word' id='word_1_351' title='bbox 3417 1926 3682 2013; x_wconf 84' lang='lat' dir='ltr'><em>(notatas</em></span> <span class='ocrx_word' id='word_1_352' title='bbox 3710 1934 3822 2014; x_wconf 89' lang='lat' dir='ltr'><em>B.)</em></span> 
     </span>
    </p>

    <p class='ocr_par' dir='ltr' id='par_1_26' title="bbox 2530 2026 3992 2214">
     <span class='ocr_line' id='line_1_53' title="bbox 2613 2026 3992 2119; baseline 0.009 -27"><span class='ocrx_word' id='word_1_353' title='bbox 2613 2031 2718 2093; x_wconf 89' lang='grc'><em>21.</em></span> <span class='ocrx_word' id='word_1_354' title='bbox 2766 2026 2986 2112; x_wconf 81' lang='lat' dir='ltr'><em>mutas]</em></span> <span class='ocrx_word' id='word_1_355' title='bbox 3020 2031 3240 2096; x_wconf 81' lang='lat' dir='ltr'><em>multas</em></span> <span class='ocrx_word' id='word_1_356' title='bbox 3272 2033 3399 2096; x_wconf 88' lang='lat' dir='ltr'><em>BR.</em></span> <span class='ocrx_word' id='word_1_357' title='bbox 3433 2066 3507 2079; x_wconf 92' lang='lat'>—</span> <span class='ocrx_word' id='word_1_358' title='bbox 3533 2036 3763 2119; x_wconf 83' lang='lat' dir='ltr'><em>aliquid</em></span> <span class='ocrx_word' id='word_1_359' title='bbox 3785 2045 3992 2104; x_wconf 80' lang='lat' dir='ltr'><em>notum</em></span> 
     </span>
     <span class='ocr_line' id='line_1_54' title="bbox 2530 2136 2884 2214; baseline 0 -18"><span class='ocrx_word' id='word_1_360' title='bbox 2530 2142 2766 2214; x_wconf 75' lang='lat' dir='ltr'><em>aycntes</em></span> <span class='ocrx_word' id='word_1_361' title='bbox 2811 2136 2884 2196; x_wconf 90' lang='lat' dir='ltr'><em>T.</em></span> 
     </span>
    </p>

    <p class='ocr_par' dir='ltr' id='par_1_27' title="bbox 2528 2244 3991 2414">
     <span class='ocr_line' id='line_1_55' title="bbox 2612 2244 3991 2338; baseline 0.008 -29"><span class='ocrx_word' id='word_1_362' title='bbox 2612 2249 2719 2310; x_wconf 89' lang='grc'><em>22.</em></span> <span class='ocrx_word' id='word_1_363' title='bbox 2768 2248 2976 2331; x_wconf 80' lang='lat' dir='ltr'><em>aliqua</em></span> <span class='ocrx_word' id='word_1_364' title='bbox 3003 2244 3089 2331; x_wconf 87' lang='lat' dir='ltr'><em>re]</em></span> <span class='ocrx_word' id='word_1_365' title='bbox 3130 2249 3368 2333; x_wconf 83' lang='lat' dir='ltr'><em>aliquas</em></span> <span class='ocrx_word' id='word_1_366' title='bbox 3400 2251 3681 2330; x_wconf 89' lang='lat' dir='ltr'><strong>PAFRT,</strong></span> <span class='ocrx_word' id='word_1_367' title='bbox 3722 2256 3991 2338; x_wconf 77' lang='lat' dir='ltr'><em>aliquam</em></span> 
     </span>
     <span class='ocr_line' id='line_1_56' title="bbox 2528 2352 2756 2414; baseline 0.004 -1"><span class='ocrx_word' id='word_1_368' title='bbox 2528 2370 2656 2414; x_wconf 89' lang='lat' dir='ltr'><em>rem</em></span> <span class='ocrx_word' id='word_1_369' title='bbox 2683 2352 2756 2414; x_wconf 95' lang='lat' dir='ltr'><em>B.</em></span> 
     </span>
    </p>
   </div>
   <div class='ocr_carea' id='block_1_8' title="bbox 2611 2453 3986 2647">
    <p class='ocr_par' dir='ltr' id='par_1_28' title="bbox 2611 2453 3986 2647">
     <span class='ocr_line' id='line_1_57' title="bbox 2611 2453 3584 2539; baseline 0.007 -20"><span class='ocrx_word' id='word_1_370' title='bbox 2611 2457 2715 2520; x_wconf 90' lang='grc'><strong>23.</strong></span> <span class='ocrx_word' id='word_1_371' title='bbox 2763 2453 2891 2539; x_wconf 80' lang='lat' dir='ltr'><em>aut]</em></span> <span class='ocrx_word' id='word_1_372' title='bbox 2932 2467 2986 2521; x_wconf 90' lang='lat' dir='ltr'><em>et</em></span> <span class='ocrx_word' id='word_1_373' title='bbox 3014 2460 3087 2520; x_wconf 92' lang='grc' dir='ltr'><em>Β.</em></span> <span class='ocrx_word' id='word_1_374' title='bbox 3117 2487 3199 2502; x_wconf 89' lang='grc'><strong>-</strong></span> <span class='ocrx_word' id='word_1_375' title='bbox 3223 2460 3429 2522; x_wconf 89' lang='lat' dir='ltr'><em>notior</em></span> <span class='ocrx_word' id='word_1_376' title='bbox 3456 2463 3584 2527; x_wconf 88' lang='lat' dir='ltr'><em>BR.</em></span> 
     </span>
     <span class='ocr_line' id='line_1_58' title="bbox 2611 2560 3986 2647; baseline 0.009 -25"><span class='ocrx_word' id='word_1_377' title='bbox 2611 2562 2717 2623; x_wconf 70' lang='grc'><strong>24.</strong></span> <span class='ocrx_word' id='word_1_378' title='bbox 2765 2581 2884 2643; x_wconf 88' lang='lat' dir='ltr'><em>qua</em></span> <span class='ocrx_word' id='word_1_379' title='bbox 2917 2560 3004 2646; x_wconf 89' lang='lat' dir='ltr'><em>re]</em></span> <span class='ocrx_word' id='word_1_380' title='bbox 3040 2584 3219 2647; x_wconf 81' lang='lat' dir='ltr'><em>quam</em></span> <span class='ocrx_word' id='word_1_381' title='bbox 3251 2584 3379 2628; x_wconf 87' lang='lat' dir='ltr'><em>rem</em></span> <span class='ocrx_word' id='word_1_382' title='bbox 3410 2565 3740 2632; x_wconf 85' lang='lat' dir='ltr'><strong>PABFRT.</strong></span> <span class='ocrx_word' id='word_1_383' title='bbox 3779 2602 3858 2614; x_wconf 90' lang='lat'><em>—-</em></span> <span class='ocrx_word' id='word_1_384' title='bbox 3889 2571 3986 2633; x_wconf 83' lang='lat' dir='ltr'><em>de-</em></span> 
     </span>
    </p>
   </div>
   <div class='ocr_carea' id='block_1_9' title="bbox 2519 2665 3981 2749">
    <p class='ocr_par' dir='ltr' id='par_1_29' title="bbox 2519 2665 3981 2749">
     <span class='ocr_line' id='line_1_59' title="bbox 2519 2665 3981 2749; baseline 0.006 -22"><span class='ocrx_word' id='word_1_385' title='bbox 2519 2665 2919 2746; x_wconf 76' lang='lat' dir='ltr'><em>[armabimus</em></span> <span class='ocrx_word' id='word_1_386' title='bbox 2942 2675 3196 2749; x_wconf 81' lang='lat' dir='ltr'><em>turpem.</em></span> <span class='ocrx_word' id='word_1_387' title='bbox 3224 2677 3290 2731; x_wconf 83' lang='lat' dir='ltr'><em>ut</em></span> <span class='ocrx_word' id='word_1_388' title='bbox 3311 2670 3367 2731; x_wconf 89' lang='lat' dir='ltr'><em>si</em></span> <span class='ocrx_word' id='word_1_389' title='bbox 3386 2671 3459 2732; x_wconf 93' lang='lat' dir='ltr'><em>B.</em></span> <span class='ocrx_word' id='word_1_390' title='bbox 3481 2705 3562 2718; x_wconf 92' lang='lat'><strong>—</strong></span> <span class='ocrx_word' id='word_1_391' title='bbox 3578 2673 3886 2735; x_wconf 84' lang='lat' dir='ltr'><em>rubricam</em></span> <span class='ocrx_word' id='word_1_392' title='bbox 3910 2678 3981 2736; x_wconf 91' lang='lat' dir='ltr'><em>T.</em></span> 
     </span>
    </p>
   </div>
   <div class='ocr_carea' id='block_1_10' title="bbox 2613 2770 3982 2849">
    <p class='ocr_par' dir='ltr' id='par_1_30' title="bbox 2613 2770 3982 2849">
     <span class='ocr_line' id='line_1_60' title="bbox 2613 2770 3982 2849; baseline 0.007 -19"><span class='ocrx_word' id='word_1_393' title='bbox 2613 2770 2714 2831; x_wconf 87' lang='lat'><em>25.</em></span> <span class='ocrx_word' id='word_1_394' title='bbox 2761 2770 3117 2833; x_wconf 80' lang='lat' dir='ltr'><em>inducamus</em></span> <span class='ocrx_word' id='word_1_395' title='bbox 3132 2773 3407 2838; x_wconf 85' lang='lat' dir='ltr'><strong>PBFRT.</strong></span> <span class='ocrx_word' id='word_1_396' title='bbox 3431 2808 3515 2849; x_wconf 61' lang='grc'><strong>-,,-</strong></span> <span class='ocrx_word' id='word_1_397' title='bbox 3531 2776 3587 2837; x_wconf 87' lang='lat' dir='ltr'><em>si</em></span> <span class='ocrx_word' id='word_1_398' title='bbox 3603 2796 3730 2839; x_wconf 88' lang='lat' dir='ltr'><em>om.</em></span> <span class='ocrx_word' id='word_1_399' title='bbox 3752 2779 3852 2839; x_wconf 85' lang='lat' dir='ltr'><em>AF</em></span> <span class='ocrx_word' id='word_1_400' title='bbox 3855 2780 3982 2841; x_wconf 79' lang='grc' dir='ltr'><em>ΒΤ.</em></span> 
     </span>
    </p>
   </div>
   <div class='ocr_carea' id='block_1_11' title="bbox 2611 2873 3989 3068">
    <p class='ocr_par' dir='ltr' id='par_1_31' title="bbox 2611 2873 3989 3068">
     <span class='ocr_line' id='line_1_61' title="bbox 2615 2873 3489 2942; baseline 0.007 -7"><span class='ocrx_word' id='word_1_401' title='bbox 2615 2873 2720 2937; x_wconf 85' lang='lat'><em>26.</em></span> <span class='ocrx_word' id='word_1_402' title='bbox 2767 2873 3178 2940; x_wconf 82' lang='lat' dir='ltr'><em>adtribuamus</em></span> <span class='ocrx_word' id='word_1_403' title='bbox 3207 2879 3489 2942; x_wconf 82' lang='lat' dir='ltr'><strong>PAFRT,</strong></span> 
     </span>
     <span class='ocr_line' id='line_1_62' title="bbox 2611 2978 3989 3068; baseline 0.009 -30"><span class='ocrx_word' id='word_1_404' title='bbox 2611 2978 2715 3039; x_wconf 90' lang='grc'><strong>27.</strong></span> <span class='ocrx_word' id='word_1_405' title='bbox 2766 2997 2946 3041; x_wconf 83' lang='lat' dir='ltr'><em>ueras</em></span> <span class='ocrx_word' id='word_1_406' title='bbox 2970 2999 3098 3043; x_wconf 92' lang='lat' dir='ltr'><em>om.</em></span> <span class='ocrx_word' id='word_1_407' title='bbox 3129 2981 3302 3044; x_wconf 86' lang='lat' dir='ltr'><strong>PAF.</strong></span> <span class='ocrx_word' id='word_1_408' title='bbox 3337 3016 3422 3029; x_wconf 90' lang='lat'><strong>—</strong></span> <span class='ocrx_word' id='word_1_409' title='bbox 3449 2982 3846 3068; x_wconf 71' lang='lat' dir='ltr'><em>meminimtts]</em></span> <span class='ocrx_word' id='word_1_410' title='bbox 3873 2989 3989 3050; x_wconf 87' lang='lat' dir='ltr'><em>mi-</em></span> 
     </span>
    </p>
   </div>
   <div class='ocr_carea' id='block_1_12' title="bbox 2525 3082 3986 3164">
    <p class='ocr_par' dir='ltr' id='par_1_32' title="bbox 2525 3082 3986 3164">
     <span class='ocr_line' id='line_1_63' title="bbox 2525 3082 3986 3164; baseline 0.009 -22"><span class='ocrx_word' id='word_1_411' title='bbox 2525 3099 2641 3143; x_wconf 78' lang='lat' dir='ltr'><em>nus</em></span> <span class='ocrx_word' id='word_1_412' title='bbox 2669 3102 2767 3162; x_wconf 90' lang='lat' dir='ltr'><em>pr.</em></span> <span class='ocrx_word' id='word_1_413' title='bbox 2800 3082 2871 3157; x_wconf 90' lang='lat' dir='ltr'><em>P,</em></span> <span class='ocrx_word' id='word_1_414' title='bbox 2897 3084 3345 3148; x_wconf 81' lang='lat' dir='ltr'><em>meminerimus</em></span> <span class='ocrx_word' id='word_1_415' title='bbox 3366 3086 3547 3149; x_wconf 83' lang='lat' dir='ltr'><strong>ABR.</strong></span> <span class='ocrx_word' id='word_1_416' title='bbox 3576 3086 3986 3164; x_wconf 85' lang='lat' dir='ltr'><em>(meminimus</em></span> 
     </span>
    </p>
   </div>
   <div class='ocr_carea' id='block_1_13' title="bbox 2529 3185 3985 3460">
    <p class='ocr_par' dir='ltr' id='par_1_33' title="bbox 2529 3185 3985 3460">
     <span class='ocr_line' id='line_1_64' title="bbox 2530 3186 2819 3248; baseline 0.007 -3"><span class='ocrx_word' id='word_1_417' title='bbox 2530 3204 2605 3246; x_wconf 87' lang='lat' dir='ltr'><em>co</em></span> <span class='ocrx_word' id='word_1_418' title='bbox 2684 3230 2699 3247; x_wconf 97' lang='lat'><strong>.</strong></span> <span class='ocrx_word' id='word_1_419' title='bbox 2750 3186 2819 3248; x_wconf 93' lang='lat' dir='ltr'><em>P.</em></span> 
     </span>
     <span class='ocr_line' id='line_1_65' title="bbox 2610 3185 3985 3379; baseline 0.006 -26"><span class='ocrx_word' id='word_1_420' title='bbox 2610 3206 2710 3355; x_wconf 54' lang='lat'><em>2¹5.</em></span> <span class='ocrx_word' id='word_1_421' title='bbox 2752 3185 2945 3373; x_wconf 55' lang='lat' dir='ltr'><em>ficJtas]</em></span> <span class='ocrx_word' id='word_1_422' title='bbox 2989 3293 3186 3374; x_wconf 80' lang='lat' dir='ltr'><em>factas</em></span> <span class='ocrx_word' id='word_1_423' title='bbox 3227 3294 3278 3356; x_wconf 92' lang='lat' dir='ltr'><strong>T</strong></span> <span class='ocrx_word' id='word_1_424' title='bbox 3309 3301 3373 3356; x_wconf 84' lang='lat' dir='ltr'><em>et</em></span> <span class='ocrx_word' id='word_1_425' title='bbox 3404 3311 3502 3377; x_wconf 90' lang='lat' dir='ltr'><em>pr.</em></span> <span class='ocrx_word' id='word_1_426' title='bbox 3543 3293 3614 3357; x_wconf 92' lang='lat' dir='ltr'><em>P.</em></span> <span class='ocrx_word' id='word_1_427' title='bbox 3643 3297 3985 3379; x_wconf 78' lang='lat' dir='ltr'><em>-disficile</em></span> 
     </span>
     <span class='ocr_line' id='line_1_66' title="bbox 2529 3395 2970 3460; baseline 0.002 -4"><span class='ocrx_word' id='word_1_428' title='bbox 2529 3403 2613 3456; x_wconf 88' lang='lat' dir='ltr'><em>est</em></span> <span class='ocrx_word' id='word_1_429' title='bbox 2641 3395 2970 3460; x_wconf 84' lang='lat' dir='ltr'><strong>PABFRT.</strong></span> 
     </span>
    </p>
   </div>
   <div class='ocr_carea' id='block_1_14' title="bbox 2610 3498 3985 3690">
    <p class='ocr_par' dir='ltr' id='par_1_34' title="bbox 2610 3498 3985 3690">
     <span class='ocr_line' id='line_1_67' title="bbox 2613 3498 3977 3583; baseline 0.006 -24"><span class='ocrx_word' id='word_1_430' title='bbox 2613 3500 2716 3560; x_wconf 82' lang='lat'><em>29.</em></span> <span class='ocrx_word' id='word_1_431' title='bbox 2761 3498 2964 3562; x_wconf 85' lang='lat' dir='ltr'><em>itidem</em></span> <span class='ocrx_word' id='word_1_432' title='bbox 2982 3501 3054 3562; x_wconf 92' lang='lat' dir='ltr'><em>T.</em></span> <span class='ocrx_word' id='word_1_433' title='bbox 3077 3520 3400 3583; x_wconf 80' lang='lat' dir='ltr'><em>—quoque</em></span> <span class='ocrx_word' id='word_1_434' title='bbox 3414 3501 3681 3579; x_wconf 87' lang='lat' dir='ltr'><em>(omisso</em></span> <span class='ocrx_word' id='word_1_435' title='bbox 3701 3505 3893 3583; x_wconf 88' lang='lat' dir='ltr'><em>locos)</em></span> <span class='ocrx_word' id='word_1_436' title='bbox 3910 3507 3977 3567; x_wconf 87' lang='lat' dir='ltr'><em>F.</em></span> 
     </span>
     <span class='ocr_line' id='line_1_68' title="bbox 2610 3603 3985 3690; baseline 0.005 -26"><span class='ocrx_word' id='word_1_437' title='bbox 2610 3603 2711 3664; x_wconf 89' lang='grc'><em>30.</em></span> <span class='ocrx_word' id='word_1_438' title='bbox 2744 3621 3148 3683; x_wconf 75' lang='lat' dir='ltr'><em>peruayemus</em></span> <span class='ocrx_word' id='word_1_439' title='bbox 3173 3605 3269 3668; x_wconf 94' lang='lat' dir='ltr'><em>PB</em></span> <span class='ocrx_word' id='word_1_440' title='bbox 3309 3614 3372 3668; x_wconf 81' lang='lat' dir='ltr'><em>et</em></span> <span class='ocrx_word' id='word_1_441' title='bbox 3400 3627 3497 3687; x_wconf 88' lang='lat' dir='ltr'><em>pr.</em></span> <span class='ocrx_word' id='word_1_442' title='bbox 3533 3609 3620 3682; x_wconf 92' lang='lat' dir='ltr'><em>T,</em></span> <span class='ocrx_word' id='word_1_443' title='bbox 3650 3626 3985 3690; x_wconf 86' lang='lat' dir='ltr'><em>percurra-</em></span> 
     </span>
    </p>
   </div>
   <div class='ocr_carea' id='block_1_15' title="bbox 2526 3703 3547 3788">
    <p class='ocr_par' dir='ltr' id='par_1_35' title="bbox 2526 3703 3547 3788">
     <span class='ocr_line' id='line_1_69' title="bbox 2526 3703 3547 3788; baseline 0.007 -22"><span class='ocrx_word' id='word_1_444' title='bbox 2526 3723 2659 3766; x_wconf 79' lang='lat' dir='ltr'><em>mus</em></span> <span class='ocrx_word' id='word_1_445' title='bbox 2691 3706 2766 3767; x_wconf 87' lang='lat' dir='ltr'><em>R.</em></span> <span class='ocrx_word' id='word_1_446' title='bbox 2800 3703 3225 3788; x_wconf 75' lang='lat' dir='ltr'><em>(peruaqemur</em></span> <span class='ocrx_word' id='word_1_447' title='bbox 3247 3728 3415 3772; x_wconf 81' lang='lat' dir='ltr'><em>corr.</em></span> <span class='ocrx_word' id='word_1_448' title='bbox 3444 3707 3547 3788; x_wconf 92' lang='lat' dir='ltr'><em>T.)</em></span> 
     </span>
    </p>
   </div>
   <div class='ocr_carea' id='block_1_16' title="bbox 2529 3818 3171 3882">
    <p class='ocr_par' dir='ltr' id='par_1_36' title="bbox 2529 3818 3171 3882">
     <span class='ocr_line' id='line_1_70' title="bbox 2529 3818 3171 3882; baseline 0.002 -1"><span class='ocrx_word' id='word_1_449' title='bbox 2529 3831 2540 3840; x_wconf 88' lang='grc'><em>·</em></span> <span class='ocrx_word' id='word_1_450' title='bbox 2609 3820 2715 3881; x_wconf 90' lang='grc'><strong>31.</strong></span> <span class='ocrx_word' id='word_1_451' title='bbox 2763 3818 2905 3881; x_wconf 87' lang='lat' dir='ltr'><em>Scio</em></span> <span class='ocrx_word' id='word_1_452' title='bbox 2936 3839 3064 3882; x_wconf 90' lang='lat' dir='ltr'><em>om.</em></span> <span class='ocrx_word' id='word_1_453' title='bbox 3099 3822 3171 3882; x_wconf 92' lang='lat' dir='ltr'><em>T.</em></span> 
     </span>
    </p>
   </div>
   <div class='ocr_carea' id='block_1_17' title="bbox 2527 3915 3985 4097">
    <p class='ocr_par' dir='ltr' id='par_1_37' title="bbox 2527 3915 3985 4097">
     <span class='ocr_line' id='line_1_71' title="bbox 2611 3915 3985 4020; baseline 0.005 -26"><span class='ocrx_word' id='word_1_454' title='bbox 2611 3933 2712 3995; x_wconf 86' lang='grc'><strong>32.</strong></span> <span class='ocrx_word' id='word_1_455' title='bbox 2756 3934 2862 4014; x_wconf 77' lang='lat' dir='ltr'><em>qui</em></span> <span class='ocrx_word' id='word_1_456' title='bbox 2901 3915 3154 3995; x_wconf 76' lang='lat' dir='ltr'><em>ediscere</em></span> <span class='ocrx_word' id='word_1_457' title='bbox 3189 3934 3237 3995; x_wconf 93' lang='lat' dir='ltr'><strong>B</strong></span> <span class='ocrx_word' id='word_1_458' title='bbox 3280 3942 3343 3999; x_wconf 83' lang='lat' dir='ltr'><em>et</em></span> <span class='ocrx_word' id='word_1_459' title='bbox 3378 3956 3476 4017; x_wconf 87' lang='lat' dir='ltr'><em>pr.</em></span> <span class='ocrx_word' id='word_1_460' title='bbox 3507 3936 3579 4011; x_wconf 93' lang='lat' dir='ltr'><em>P,</em></span> <span class='ocrx_word' id='word_1_461' title='bbox 3614 3939 3838 4020; x_wconf 81' lang='lat' dir='ltr'><em>quieas</em></span> <span class='ocrx_word' id='word_1_462' title='bbox 3859 3939 3985 4001; x_wconf 81' lang='lat' dir='ltr'><em>dis-</em></span> 
     </span>
     <span class='ocr_line' id='line_1_72' title="bbox 2527 4035 2963 4097; baseline 0 -1"><span class='ocrx_word' id='word_1_463' title='bbox 2527 4052 2655 4097; x_wconf 89' lang='lat' dir='ltr'><em>cere</em></span> <span class='ocrx_word' id='word_1_464' title='bbox 2686 4054 2852 4097; x_wconf 86' lang='lat' dir='ltr'><em>corr.</em></span> <span class='ocrx_word' id='word_1_465' title='bbox 2895 4035 2963 4097; x_wconf 94' lang='lat' dir='ltr'><em>P.</em></span> 
     </span>
    </p>
   </div>
   <div class='ocr_carea' id='block_1_18' title="bbox 2595 4146 3976 4234">
    <p class='ocr_par' dir='ltr' id='par_1_38' title="bbox 2595 4146 3976 4234">
     <span class='ocr_line' id='line_1_73' title="bbox 2595 4146 3976 4234; baseline 0.004 -25"><span class='ocrx_word' id='word_1_466' title='bbox 2595 4149 2712 4211; x_wconf 73' lang='grc'><em>33.</em></span> <span class='ocrx_word' id='word_1_467' title='bbox 2755 4148 2822 4209; x_wconf 87' lang='lat' dir='ltr'><em>in</em></span> <span class='ocrx_word' id='word_1_468' title='bbox 2880 4146 3233 4234; x_wconf 81' lang='lat' dir='ltr'><em>quaerendo]</em></span> <span class='ocrx_word' id='word_1_469' title='bbox 3306 4152 3659 4234; x_wconf 75' lang='lat' dir='ltr'><em>inquirendo</em></span> <span class='ocrx_word' id='word_1_470' title='bbox 3719 4156 3841 4217; x_wconf 80' lang='grc' dir='ltr'><em>ΒΤ.</em></span> <span class='ocrx_word' id='word_1_471' title='bbox 3898 4189 3976 4202; x_wconf 94' lang='grc'><strong>-</strong></span> 
     </span>
    </p>
   </div>
   <div class='ocr_carea' id='block_1_19' title="bbox 2524 4257 3980 4542">
    <p class='ocr_par' dir='ltr' id='par_1_39' title="bbox 2524 4257 3980 4542">
     <span class='ocr_line' id='line_1_74' title="bbox 2525 4257 3980 4336; baseline 0.006 -24"><span class='ocrx_word' id='word_1_472' title='bbox 2525 4260 2931 4314; x_wconf 80' lang='lat' dir='ltr'><em>consumerent</em></span> <span class='ocrx_word' id='word_1_473' title='bbox 2994 4273 3208 4334; x_wconf 88' lang='lat' dir='ltr'><em>operae</em></span> <span class='ocrx_word' id='word_1_474' title='bbox 3271 4275 3369 4336; x_wconf 83' lang='lat' dir='ltr'><em>pr.</em></span> <span class='ocrx_word' id='word_1_475' title='bbox 3440 4257 3510 4330; x_wconf 94' lang='lat' dir='ltr'><em>P,</em></span> <span class='ocrx_word' id='word_1_476' title='bbox 3578 4269 3980 4321; x_wconf 84' lang='lat' dir='ltr'><em>consumerent</em></span> 
     </span>
     <span class='ocr_line' id='line_1_75' title="bbox 2525 4356 3973 4441; baseline 0.006 -26"><span class='ocrx_word' id='word_1_477' title='bbox 2525 4373 2695 4435; x_wconf 88' lang='lat' dir='ltr'><em>opere</em></span> <span class='ocrx_word' id='word_1_478' title='bbox 2729 4356 2776 4416; x_wconf 90' lang='lat' dir='ltr'><strong>B</strong></span> <span class='ocrx_word' id='word_1_479' title='bbox 2811 4363 2874 4417; x_wconf 84' lang='lat' dir='ltr'><em>et</em></span> <span class='ocrx_word' id='word_1_480' title='bbox 2900 4376 2999 4438; x_wconf 86' lang='lat' dir='ltr'><em>pr.</em></span> <span class='ocrx_word' id='word_1_481' title='bbox 3035 4358 3108 4430; x_wconf 91' lang='lat' dir='ltr'><em>T,</em></span> <span class='ocrx_word' id='word_1_482' title='bbox 3151 4368 3561 4422; x_wconf 81' lang='lat' dir='ltr'><em>consumerent</em></span> <span class='ocrx_word' id='word_1_483' title='bbox 3588 4362 3786 4441; x_wconf 86' lang='lat' dir='ltr'><em>operis</em></span> <span class='ocrx_word' id='word_1_484' title='bbox 3808 4381 3973 4425; x_wconf 87' lang='lat' dir='ltr'><em>corr.</em></span> 
     </span>
     <span class='ocr_line' id='line_1_76' title="bbox 2524 4459 3621 4542; baseline 0.006 -23"><span class='ocrx_word' id='word_1_485' title='bbox 2524 4459 2593 4520; x_wconf 93' lang='lat' dir='ltr'><em>P.</em></span> <span class='ocrx_word' id='word_1_486' title='bbox 2642 4461 2841 4538; x_wconf 88' lang='lat' dir='ltr'><em>(opere</em></span> <span class='ocrx_word' id='word_1_487' title='bbox 2873 4472 3280 4523; x_wconf 77' lang='lat' dir='ltr'><em>consumerent</em></span> <span class='ocrx_word' id='word_1_488' title='bbox 3310 4481 3473 4525; x_wconf 87' lang='lat' dir='ltr'><em>corr.</em></span> <span class='ocrx_word' id='word_1_489' title='bbox 3510 4463 3621 4542; x_wconf 90' lang='lat' dir='ltr'><em>T.)</em></span> 
     </span>
    </p>
   </div>
   <div class='ocr_carea' id='block_1_20' title="bbox 2607 4571 3978 4659">
    <p class='ocr_par' dir='ltr' id='par_1_40' title="bbox 2607 4571 3978 4659">
     <span class='ocr_line' id='line_1_77' title="bbox 2607 4571 3978 4659; baseline 0.006 -25"><span class='ocrx_word' id='word_1_490' title='bbox 2607 4572 2711 4634; x_wconf 92' lang='grc'><em>35.</em></span> <span class='ocrx_word' id='word_1_491' title='bbox 2757 4571 2827 4632; x_wconf 87' lang='lat' dir='ltr'><em>in</em></span> <span class='ocrx_word' id='word_1_492' title='bbox 2857 4590 2975 4634; x_wconf 91' lang='lat' dir='ltr'><em>om.</em></span> <span class='ocrx_word' id='word_1_493' title='bbox 3012 4574 3085 4634; x_wconf 95' lang='lat' dir='ltr'><em>B.</em></span> <span class='ocrx_word' id='word_1_494' title='bbox 3113 4606 3196 4620; x_wconf 91' lang='lat'>—</span> <span class='ocrx_word' id='word_1_495' title='bbox 3218 4574 3542 4637; x_wconf 80' lang='lat' dir='ltr'><em>rid-iculum</em></span> <span class='ocrx_word' id='word_1_496' title='bbox 3573 4571 3673 4659; x_wconf 87' lang='lat' dir='ltr'><em>sit]</em></span> <span class='ocrx_word' id='word_1_497' title='bbox 3712 4585 3795 4639; x_wconf 85' lang='lat' dir='ltr'><em>est</em></span> <span class='ocrx_word' id='word_1_498' title='bbox 3824 4579 3978 4642; x_wconf 83' lang='lat' dir='ltr'><em>ridi-</em></span> 
     </span>
    </p>
   </div>
   <div class='ocr_carea' id='block_1_21' title="bbox 2522 4675 3826 4744">
    <p class='ocr_par' dir='ltr' id='par_1_41' title="bbox 2522 4675 3826 4744">
     <span class='ocr_line' id='line_1_78' title="bbox 2522 4675 3826 4744; baseline 0.006 -8"><span class='ocrx_word' id='word_1_499' title='bbox 2522 4675 2721 4737; x_wconf 81' lang='lat' dir='ltr'><em>culum</em></span> <span class='ocrx_word' id='word_1_500' title='bbox 2750 4677 2821 4737; x_wconf 93' lang='lat' dir='ltr'><em>B.</em></span> <span class='ocrx_word' id='word_1_501' title='bbox 2869 4710 2953 4722; x_wconf 93' lang='lat'>—</span> <span class='ocrx_word' id='word_1_502' title='bbox 2994 4676 3156 4739; x_wconf 85' lang='lat' dir='ltr'><em>mille</em></span> <span class='ocrx_word' id='word_1_503' title='bbox 3190 4677 3505 4740; x_wconf 81' lang='lat' dir='ltr'><em>verborum</em></span> <span class='ocrx_word' id='word_1_504' title='bbox 3539 4698 3665 4743; x_wconf 91' lang='lat' dir='ltr'><em>om.</em></span> <span class='ocrx_word' id='word_1_505' title='bbox 3701 4682 3826 4744; x_wconf 89' lang='lat' dir='ltr'><em>BT.</em></span> 
     </span>
    </p>
   </div>
   <div class='ocr_carea' id='block_1_22' title="bbox 2603 4842 3736 4928">
    <p class='ocr_par' dir='ltr' id='par_1_42' title="bbox 2603 4842 3736 4928">
     <span class='ocr_line' id='line_1_79' title="bbox 2603 4842 3736 4928; baseline 0.007 -23"><span class='ocrx_word' id='word_1_506' title='bbox 2603 4843 2754 4927; x_wconf 84' lang='lat' dir='ltr'><strong>Pag.</strong></span> <span class='ocrx_word' id='word_1_507' title='bbox 2799 4842 2903 4908; x_wconf 88' lang='lat'><em>58.</em></span> <span class='ocrx_word' id='word_1_508' title='bbox 2948 4865 3010 4909; x_wconf 84' lang='lat' dir='ltr'><em>v.</em></span> <span class='ocrx_word' id='word_1_509' title='bbox 3056 4846 3114 4909; x_wconf 93' lang='lat'><em>1.</em></span> <span class='ocrx_word' id='word_1_510' title='bbox 3183 4845 3328 4910; x_wconf 78' lang='lat' dir='ltr'><em>haec</em></span> <span class='ocrx_word' id='word_1_511' title='bbox 3356 4853 3640 4928; x_wconf 85' lang='lat' dir='ltr'><em>poterunt</em></span> <span class='ocrx_word' id='word_1_512' title='bbox 3666 4852 3736 4913; x_wconf 91' lang='grc' dir='ltr'><em>Β.</em></span> 
     </span>
    </p>
   </div>
  </div>
 </body>
</html>
