4620 5864
976 600 1082 672 22

1056 800 1160 866 22.
1200 802 1295 865 uti
1324 800 1625 885 quiscum
1664 802 1850 878 PBF,
1891 802 2432 885 itauticmnquis

973 908 1048 973 R.
1096 940 1180 955 —
1223 914 1549 970 accusatur
1590 910 1662 970 Τ.

1056 1011 1160 1075 23.
1210 1007 1757 1110 ambituLhabitum
1776 1012 1848 1075 P.
1877 1046 1962 1062 -
2010 1029 2429 1093 saepenumero

972 1113 1131 1197 apud
1172 1116 1504 1179 exercitum
1543 1116 1830 1180 donatum
1858 1137 2000 1180 esse.
2070 1118 2206 1180 1100
2231 1133 2331 1200 pr.
2358 1116 2425 1188 P,

971 1237 1387 1300 saepenumero
1439 1219 1602 1282 dicat
1655 1220 1818 1301 apud
1867 1222 2201 1285 exercitum
2242 1219 2428 1282 dona-

970 1331 1097 1386 tum
1150 1342 1291 1387 esse.
1381 1323 1515 1385 Hoc
1567 1323 1704 1398 FT,
1746 1342 1845 1408 pr.
1900 1326 1954 1388 A
1983 1332 2067 1388 ‘et
2123 1342 2292 1388 corr.
2356 1323 2425 1396 P,

968 1444 1385 1509 saepenumero
1428 1422 1596 1490 dicat
1638 1428 1800 1509 apud
1840 1428 2176 1491 exercitum
2218 1447 2279 1490 ee
2321 1426 2428 1489 do-

967 1538 1178 1593 natum
1218 1549 1360 1595 esse.

968 1635 1129 1698 dicat
1154 1636 1319 1717 apud
1344 1637 1676 1698 exercitum
1695 1635 1983 1698 donatum
2002 1654 2063 1697 se
2097 1654 2240 1698 esse.
2290 1636 2426 1697 Hoc

966 1739 1016 1800 B
1031 1784 1048 1813 ,
1105 1757 1521 1822 saepenumero
1563 1739 1725 1820 apud
1766 1740 2099 1802 exercitum
2138 1738 2424 1801 donatum

968 1862 1031 1907 se
1072 1863 1195 1908 esse
1234 1843 1419 1907 dicat.
1508 1843 1642 1906 Hoc
1685 1846 1758 1907 R.

1050 1949 1157 2012 24.
1203 1949 1272 2011 in
1313 1948 1585 2011 oratione
1625 1946 2124 2011 aduersariorum
2165 1946 2393 2009 PABT.

1050 2052 1156 2116 25.
1204 2048 1410 2117 Verba
1454 2048 1694 2116 seclusa
1753 2047 1832 2131 (et
1887 2050 1957 2111 in
1984 2082 2010 2095 -
2035 2082 2067 2095 -
2098 2082 2125 2096 ·
2160 2048 2424 2114 ostende-

965 2154 1127 2236 mus)
1171 2174 1298 2221 om.
1334 2157 1558 2219 PAFT.
1593 2188 1677 2203 —
1720 2152 2010 2216 eiusmodi
2035 2156 2160 2218 BR.

1050 2263 1155 2325 26.
1204 2259 1361 2344 quod
1400 2261 1574 2323 PFR.

1048 2367 1154 2430 28.
1200 2360 1379 2447 uitia]
1426 2364 1620 2426 uitam
1644 2363 1720 2426 B.
1754 2395 1838 2410 —
1879 2362 1948 2425 in
1988 2357 2077 2445 eo]
2122 2380 2196 2424 ne
2217 2379 2317 2446 pr.
2345 2360 2416 2425 P.

963 2503 1048 2518 —
1089 2464 1308 2553 studio]
1355 2468 1609 2531 studiosi
1648 2468 1924 2532 PAFRT.
1968 2500 2052 2514 —-
2093 2462 2423 2610 sunt]non

962 2592 1064 2658 pr.
1108 2573 1179 2636 P.

1048 2679 1152 2741 30.
1201 2671 1375 2759 quod]
1423 2677 1569 2758 quia
1598 2676 1874 2740 PABFT.
1916 2706 2002 2721 --
2043 2681 2265 2738 constet
2298 2694 2421 2738 esse

963 2782 1190 2844 PAFT.
1222 2814 1305 2827 ——
1339 2781 1554 2861 putari
1597 2780 1720 2843 PT.

1048 2886 1152 2949 31.
1200 2905 1240 2947 a
1281 2892 1439 2948 certo
1478 2884 1716 2948 homine
1743 2885 1817 2946 Β.
1876 2913 1959 2927 -
2015 2877 2307 2967 sit]·esset
2337 2885 2417 2956 P,

965 2997 1051 3053 est
1089 2990 1322 3062 AFRT,
1379 3009 1502 3052 esse
1536 2991 1609 3052 B.
1657 2987 1775 3067 (est
1816 2987 1928 3050 hoc
1971 2987 2144 3051 modo
2188 2989 2420 3070 sactum

965 3111 1063 3178 ρι·.
1097 3090 1198 3176 F.)
1240 3127 1324 3142 -
1364 3093 1807 3176 desortunatum
1846 3093 1919 3155 F.

1050 3199 1157 3262 32.
1218 3197 1553 3262 coloratum
1613 3198 1707 3259 PF
1721 3243 1738 3270 ,
1816 3215 2065 3278 corpore
2113 3197 2421 3260 decolora-

965 3310 1095 3368 tum.
1117 3304 1241 3368 BR.
1274 3336 1358 3349 —
1386 3308 1615 3364 constat
1636 3302 1827 3385 [uisse
1854 3302 2134 3363 ABFRT.
2162 3335 2247 3348 -—
2276 3320 2417 3383 erqo

962 3425 1181 3469 veneno
1233 3413 1477 3468 necatus
1539 3401 1644 3488 est]
1713 3414 1945 3469 constat
1999 3423 2140 3487 erqo
2191 3425 2415 3469 ueneno

962 3518 1235 3574 necatum
1248 3510 1366 3582 FT,
1396 3528 1538 3591 erqo
1557 3518 1788 3573 constat
1803 3529 2025 3572 ueneno
2047 3518 2322 3572 necatum
2342 3513 2413 3574 R.

1047 3616 1151 3678 33.
1198 3633 1381 3695 usque
1421 3633 1487 3676 eo
1529 3632 1628 3697 pr.
1679 3616 1764 3688 T,
1819 3633 2003 3697 usque
2037 3614 2182 3676 adeo
2233 3615 2301 3677 in
2348 3635 2414 3678 eo

959 3719 1087 3782 BR.
1136 3718 1351 3800 (usque
1377 3718 1447 3781 in
1473 3739 1539 3781 eo
1568 3736 1739 3783 corr.
1773 3716 1885 3798 T.)

1044 3823 1150 3886 34.
1195 3818 1500 3905 venenum]
1546 3831 1928 3884 utuenenum
1971 3839 2139 3886 corr.
2174 3823 2246 3884 Β.

1044 3926 1195 4006 Peg.
1230 3927 1332 3990 36.
1375 3944 1437 3988 v,
1476 3927 1531 3989 1.
1618 3934 1704 3988 est
1768 3943 1895 3988 om.
1953 3926 2022 3989 F.
2076 3960 2160 3974 -
2222 3927 2292 3989 de
2347 3947 2414 3991 re

959 4029 1156 4093 altera
1183 4029 1509 4094 PABFRT.
1546 4061 1620 4077 -
1668 4048 1792 4093 non
1819 4031 2021 4112 [acere
2060 4032 2414 4094 mentionem

957 4136 1139 4198 ART.

1042 4239 1106 4300 2.
1154 4237 1211 4300 si
1243 4244 1625 4319 comparetur
1659 4235 1923 4319 (omisso
1951 4234 2157 4322 quum)
2186 4240 2321 4315 BR,
2358 4241 2413 4302 si

958 4350 1455 4422 compararentur
1495 4341 1566 4405 F.

1043 4446 1106 4508 3.
1154 4465 1236 4508 an
1267 4443 1409 4530 non]
1456 4464 1540 4508 an
1571 4465 1695 4510 non
1729 4448 1997 4528 accipere
2031 4448 2151 4511 PB.

1044 4544 1106 4611 ⁴.
1152 4550 1275 4612 sint
1315 4569 1441 4615 om.
1482 4552 1554 4613 T.
1606 4586 1687 4599 --
1752 4551 1947 4612 altera
1993 4569 2202 4613 seuera
2246 4522 2413 4617 curet

957 4662 1253 4717 enumeret
1295 4673 1391 4738 pr.
1442 4655 1516 4727 P,
1587 4655 1782 4717 altera
1823 4672 1893 4716 re
1939 4661 2196 4718 uentura
2246 4667 2412 4721 curet

956 4774 1304 4820 enumerare
1349 4776 1517 4821 corr.
1561 4758 1635 4821 Α.
1693 4753 1911 4839 (altera
1962 4776 2031 4820 re
2071 4767 2237 4821 curet
2266 4780 2411 4823 enu-

955 4879 1191 4924 merare
1232 4879 1328 4946 ρι·.
1360 4861 1415 4923 A
1456 4867 1518 4926 et
1549 4879 1719 4925 corr.
1754 4859 1856 4944 P.)
1883 4895 1967 4909 —
2009 4863 2130 4925 sint
2162 4880 2290 4927 om.
2334 4867 2404 4929 Β.

1452 1532 1587 1595 Hoc
1635 1550 1805 1595 corr.
1853 1532 1907 1592 A
1923 1578 1940 1605 ‚
2006 1549 2435 1612 saepenumero.

1829 602 2013 669 VAR.
2060 602 2286 670 LECT.
2329 601 2438 668 AD
2481 603 3116 672 RHETORICORUM

2588 802 2653 867 5.
2700 803 2889 868 ueluti
2929 804 3061 882 FT,
3106 812 3161 868 et
3194 825 3376 889 quam
3414 805 3559 869 uelit
3587 823 3686 890 pr.
3729 806 3801 870 P.
3839 801 3969 890 (ue-

2506 906 2594 969 lut
2636 924 2805 971 corr.
2839 904 2942 987 P.)
2969 944 3053 957 —
3094 906 3370 993 minima]
3420 909 3665 974 minora
3706 913 3782 975 T.

2588 1011 2649 1074 6.
2683 1014 2901 1092 putari
2942 1013 3110 1077 PFT.
3144 1048 3230 1062 —-
3269 1014 3623 1096 uituperare
3668 1016 3738 1080 B.

2587 1116 2651 1178 7.
2699 1112 2880 1198 utris]
2928 1125 3136 1180 utrum
3177 1119 3302 1183 ΒΤ.

2586 1218 2650 1282 8.
2697 1218 3026 1283 albensibus
3097 1239 3179 1284 an
3257 1222 3512 1285 uestinis
3570 1224 3967 1305 pennensibus

2501 1340 2599 1406 pr.
2651 1323 2728 1396 P,
2795 1323 3128 1387 albensibus
3165 1343 3247 1388 an
3292 1326 3652 1390 ueszentinis
3698 1347 3782 1390 an
3814 1348 3965 1410 pen-

2499 1427 2777 1489 nensibus
2820 1445 2990 1491 corr.
3022 1429 3101 1501 P,
3147 1430 3480 1492 alben-sibus
3528 1449 3609 1493 an
3657 1433 3966 1515 uenusinis

2499 1549 2583 1593 an
2608 1531 3007 1612 pennensibus
3044 1533 3227 1605 AFT,
3272 1533 3605 1597 albensibus
3636 1553 3721 1598 an
3753 1555 3965 1618 ιωςιοη-ρ

2498 1634 2646 1696 tinis
2719 1633 2881 1713 (om.
2942 1633 3365 1721 Rnnensibus)
3428 1639 3554 1702 BR.
3628 1671 3712 1686 —
3782 1637 3957 1724 quod]

2497 1757 2613 1818 quo
2665 1755 2766 1820 pr.
2811 1739 2882 1800 P.

2580 1842 2645 1904 9.
2682 1840 2897 1922 populi
2917 1838 3199 1926 Romani]
3231 1850 3286 1906 et
3301 1863 3410 1926 po.
3444 1863 3503 1908 r.
3527 1845 3681 1908 AFT
3705 1851 3769 1908 et
3785 1864 3953 1912 corr.

2498 1944 2576 2017 P,
2645 1952 2699 2005 et
2741 1945 2971 2025 populo
3028 1964 3084 2008 r.
3133 1948 3214 2019 Β,
3287 1956 3342 2009 et
3388 1968 3534 2030 pop.
3581 1969 3832 2013 romano
3886 1956 3956 2017 R.

2498 2045 2735 2129 (popr.‚
2767 2044 2903 2112 sine
2925 2057 3010 2120 et,
3055 2066 3156 2131 pr.
3183 2048 3296 2130 P.)
3323 2084 3407 2099 -
3436 2053 3805 2134 profuerunt
3825 2056 3950 2118 FT.

2496 2146 2678 2233 —et]
2710 2151 2847 2214 dein
2874 2153 3158 2226 comA,
3205 2155 3335 2218 De.
3368 2156 3482 2218 .F.
3518 2186 3598 2201 --
3643 2153 3719 2239 is]
3758 2157 3949 2220 bisT.

2497 2288 2581 2303 —
2608 2254 2684 2318 ab
2727 2274 2853 2321 om.
2884 2254 3211 2321 PABFRT.
3256 2291 3341 2307 -
3383 2259 3593 2322 alteris
3630 2276 3759 2324 om.
3798 2263 3955 2326 BRT

2498 2365 2561 2422 et
2600 2378 2703 2444 pr.
2738 2360 2809 2422 P.

2585 2465 2686 2527 11.
2732 2464 3034 2546 uituperes
3077 2466 3147 2528 T.
3178 2497 3262 2511 —
3304 2458 3507 2548 quum]
3554 2466 3711 2548 quod
3752 2484 3850 2550 ρι·.
3885 2468 3951 2542 P,

2494 2587 2611 2650 quo
2653 2570 2700 2631 F
2736 2574 2799 2632 et
2827 2587 2993 2637 corr.
3026 2568 3094 2633 P.

2575 2674 2686 2736 12.
2724 2681 2967 2755 partem
3014 2672 3212 2736 laudis
3246 2673 3465 2737 PBFT.
3509 2706 3594 2718 —-
3651 2671 3946 2758 cupidius]

2496 2777 2703 2857 cupide
2740 2777 3070 2842 PABFRT.

2586 2881 2685 2945 13.
2734 2888 2788 2945 et
2817 2881 3107 2946 uocabulo
3143 2879 3404 2967 (omisso
3432 2880 3530 2962 de)
3558 2881 3832 2948 PABFT.
3866 2916 3950 2930 —

2495 2987 2624 3048 eius
2664 2987 2758 3048 rei
2800 3004 2926 3050 om.
2959 2988 3198 3049 PABF:

2582 3092 2681 3155 14.
2726 3087 2977 3174 struere]
3024 3101 3296 3171 astmere
3335 3095 3418 3164 R,
3476 3099 3736 3155 statuere
3765 3079 3838 3155 T.
3866 3126 3943 3139 —

2494 3212 2625 3257 rem
2658 3213 2780 3262 om.
2811 3198 2883 3258 Β.
2917 3229 3001 3243 -
3043 3198 3260 3277 optime
3294 3203 3492 3276 potest,
3529 3197 3804 3260 ABFRT.

2583 3301 2682 3362 15.
2723 3300 2916 3363 dicere
2959 3318 3204 3363 causam
3244 3300 3475 3364 AFRT.

2582 3404 2680 3467 16.
2725 3411 2958 3466 mutata
2998 3407 3071 3471 T.

2581 3509 2681 3575 17.
2726 3504 2937 3590 aliam]
2962 3515 3016 3570 et
3029 3509 3306 3573 aliamR.
3323 3536 3398 3549 -·-
3426 3503 3570 3592 sese]
3595 3528 3658 3573 se
3671 3509 3946 3573 PAFRT.

2496 3645 2574 3657 —
2618 3611 2836 3675 diceret
2878 3613 3025 3678 PFT
3065 3619 3127 3677 et
3160 3630 3260 3697 pr.
3297 3613 3373 3675 A.

2584 3716 2877 3781 18-23,
2925 3735 3070 3779 nam
3116 3735 3239 3780 non
3283 3716 3489 3779 eoeules
3524 3748 3613 3763 --
3640 3750 3667 3763 ·

2489 3820 2799 3882 nominum
2839 3821 3358 3884 commutationem
3398 3839 3525 3887 om.
3557 3822 3627 3886 Τ.

2578 3925 2680 3988 18.
2728 3924 3005 3988 reducere
3050 3944 3111 3987 se
3152 3925 3222 3988 B.

2579 4028 2679 4090 18.
2716 4028 2974 4109 proinde
3020 4028 3136 4093 PF.

2580 4133 2678 4195 19.
2727 4133 3172 4214 appellarentur
3206 4141 3315 4196 aut
3328 4133 3588 4215 proinde
3628 4134 3803 4216 quasi
3843 4153 3941 4220 pr.

2489 4236 2566 4309 P,
2620 4237 3066 4318 appellarentur
3106 4257 3148 4300 a
3176 4257 3247 4319 p.
3291 4257 3348 4300 r.
3406 4238 3612 4300 deirtde
3658 4239 3835 4319 quasi
3889 4243 3943 4304 R

2490 4347 2551 4403 et
2592 4360 2758 4405 corr.
2803 4344 2882 4414 P,
2925 4362 2967 4405 a
2991 4342 3218 4423 populo
3261 4360 3316 4405 r.
3347 4343 3792 4423 appellarentur
3835 4350 3944 4405 aut

2477 4446 2725 4527 perinde
2752 4447 2929 4527 quasi
2956 4447 3035 4519 B,
3080 4445 3526 4527 appellarentur
3546 4464 3664 4526 ap.
3687 4463 3939 4509 romano

2486 4552 2661 4632 quasi
2702 4552 2771 4613 F.

2570 4655 2672 4717 22.
2714 4655 3103 4736 intelligimus
3144 4655 3217 4716 R.

3695 3723 3949 3800 P'0P10'·

2569 4758 2674 4821 23.
2722 4756 3110 4819 mutationem
3151 4757 3325 4823 PFR.

2568 4861 2673 4924 24.
2722 4879 2800 4923 ex
2850 4859 3147 4931 similibus
3185 4869 3239 4926 et
3290 4859 3579 4942 exemplis
3618 4870 3675 4928 et
3723 4860 3937 4942 ampli-
