4620 5864
968 595 1077 667 24

1757 595 1992 675 ’ΝΑΒ
2037 594 2267 669 LECT.
2315 593 2421 659 AD
2467 590 3101 661 RHETORICORUM

1050 796 1159 858 33.
1217 812 1399 873 quum
1440 789 1987 877 commemoramus]
2034 814 2169 858 cum
2202 790 2421 863 memo-
2492 792 2930 857 inoommodum
2969 799 3077 854 aut
3107 808 3430 873 perperam
3477 799 3749 856 erratum
3788 794 3949 856 iudi-

967 899 1088 960 ria.
1118 915 1253 959 cum
1280 897 1376 958 PF
1407 904 1468 960 et
1497 916 1594 982 pr.
1631 899 1714 970 A,
1762 918 1897 960 cum
1925 892 2324 962 memoramus
2346 901 2416 972 T,
2494 898 2655 960 cium
2696 898 2780 970 R,
2825 916 2976 979 quae
3003 896 3076 958 ab
3112 896 3316 976 aliquo
3353 895 3524 958 modo
3570 897 3792 959 mederi
3839 906 3944 960 aut

968 1022 1104 1067 cum
1144 1020 1670 1065 commemoramus
1710 1021 1876 1067 corr.
1919 1003 1993 1066 A.
2039 1036 2124 1050 -
2164 1003 2261 1071 dis
2304 1004 2415 1065 im·
2482 1020 2807 1084 perperum
2828 996 2955 1081 (sic)
2981 1000 3356 1064 iudiciumT.
3377 1001 3677 1079 -possis
3690 1020 3855 1064 corr.
3874 1003 3938 1063 P.

967 1105 1341 1168 mortalibus.
1387 1106 1759 1169 amatoribus
1788 1107 2013 1168 nostris
2040 1108 2110 1169 P.

1053 1211 1155 1273 36.
1202 1209 1422 1289 leqibus
1453 1228 1578 1273 om.
1610 1210 1655 1271 F
1691 1214 1753 1271 et
1783 1227 1879 1293 pr.
1911 1211 1986 1272 A.
2022 1243 2106 1257 —
2144 1216 2420 1273 sanctum

968 1314 1049 1376 sit
1098 1312 1193 1375 PF
1224 1320 1285 1376 01
1314 1331 1413 1397 ρι’.
1448 1316 1530 1387 A,
1574 1313 1895 1381 sanctitum
1939 1322 2025 1377 est
2066 1316 2139 1377 T.
2188 1312 2422 1393 (sanci-

970 1426 1097 1480 tum
1138 1417 1214 1479 sit
1258 1435 1426 1481 corr.
1459 1414 1559 1498 A.)

1053 1524 1159 1585 37.
1208 1521 1615 1598 criminantur
1657 1523 1725 1586 B.

1054 1625 1197 1706 Pug.
1230 1626 1331 1689 38.
1379 1644 1441 1688 v.
1479 1626 1539 1687 1.
1630 1625 1785 1706 quod
1811 1620 2016 1706 qenus]
2051 1642 2236 1706 qenus
2267 1622 2424 1707 quod

971 1730 1043 1796 R.
1089 1762 1172 1775 —
1214 1725 1283 1811 ii]
1332 1729 1397 1790 hi
1438 1728 1765 1792 PABFRT.
1815 1762 1896 1774 —-
1939 1749 1979 1790 a
2014 1747 2271 1812 quorum
2313 1747 2424 1790 au-

971 1833 1243 1896 ctoritate
1272 1836 1344 1897 T.

1057 1938 1120 2000 2.
1170 1938 1499 2017 communis
1540 1954 1668 2002 οιιι.
1714 1904 1789 1999 R.
1823 1969 1907 1984 —
1962 1939 2044 2003 an
2087 1936 2168 1998 ad
2213 1929 2418 2017 pares]

973 2041 1029 2104 si
1072 2061 1111 2103 α
1146 2041 1430 2122 paribus
1444 2043 1515 2104 F.

1057 2149 1119 2209 3.
1167 2146 1391 2209 hisdem
1431 2120 1653 2208 PAFT.

1055 2250 1120 2314 4.
1168 2251 1264 2313 his
1305 2249 1576 2313 omnibus
1611 2248 1833 2313 PBFT.
1866 2283 1950 2297 —-
1993 2248 2174 2313 estin
2198 2266 2314 2331 quo
2347 2248 2419 2309 T.

972 2388 1058 2404 —
1088 2360 1561 2436 percunctantur
1600 2355 1668 2417 F.

1059 2461 1121 2522 5.
1169 2459 1251 2520 sit
1272 2476 1399 2521 om.
1408 2475 1524 2541 ·.pr
1553 2459 1621 2520 F.
1651 2453 2019 2540 (eventurum
2041 2459 2121 2521 sit
2140 2475 2305 2529 corr.
2332 2453 2426 2539 F.)

978 2596 1057 2612 --
1101 2563 1256 2627 idem
1298 2581 1424 2627 om.
1453 2563 1501 2623 F
1532 2568 1595 2625 et
1624 2581 1723 2645 ρι’.
1767 2563 1844 2624 A.

1062 2667 1121 2728 6.
1168 2666 1533 2731 ostendemus
1552 2666 1883 2731 PABFRT.
1918 2700 1998 2712 —
2038 2661 2231 2750 atque]
2265 2673 2331 2729 at
2358 2667 2427 2733 B.

951 2845 953 2849 ¹
1061 2772 1123 2835 7.
1158 2771 1531 2851 promissum
1572 2788 1738 2834 corr.
1773 2772 1847 2834 A.

1063 2876 1125 2939 8.
1173 2875 1357 2937 multo
1392 2876 1439 2938 F
1468 2880 1531 2938 et
1556 2894 1653 2961 pr.
1684 2878 1804 2946 PA.
1845 2907 1923 2919 —
1970 2874 2242 2950 acriores
2272 2877 2430 2945 B.—

977 2980 1332 3062 maleficium
1360 2982 1434 3042 R.
1479 3011 1559 3024 —-
1610 2981 1853 3061 futuros
1886 2981 2041 3061 quod
2070 2998 2165 3064 ρι’.
2189 2981 2234 3043 P
2250 3028 2267 3051 ,
2329 2980 2428 3060 fu·

978 3092 1147 3146 turos
1176 3091 1228 3145 et
1256 3083 1411 3164 quod
1441 3084 1501 3160 F,
1518 3089 1582 3145 et
1611 3101 1776 3148 corr.
1812 3085 1879 3147 P.
1909 3083 2089 3165 (quos
2115 3102 2153 3148 a
2181 3101 2433 3148 correc-

978 3195 1118 3253 tore
1144 3188 1333 3251 habet
1358 3184 1461 3257 A.)
1491 3219 1572 3232 —
1616 3186 1830 3248 iudicii
1873 3205 2000 3252 om.
2032 3189 2102 3255 F.

1064 3292 1125 3354 9.
1166 3298 1513 3354 remoratur
1537 3290 1865 3353 PABFRT.
1908 3324 1985 3337 —
2029 3300 2115 3354 est
2156 3291 2320 3355 locus
2360 3293 2429 3356 T.

980 3427 1063 3462 ε-
1067 3415 1184 3479 per
1214 3392 1410 3479 quem]
1458 3415 1595 3458 cum
1622 3397 1720 3458 FT
1745 3401 1807 3458 et
1838 3393 1903 3459 iu
1930 3415 2151 3466 rasura
2187 3397 2253 3459 P.
2298 3397 2433 3478 (per

980 3520 1153 3583 quem
1208 3519 1247 3565 a
1300 3518 1469 3582 cort.
1520 3501 1709 3568 habet
1759 3501 1870 3580 A.)
1926 3534 2007 3548 -·
2066 3501 2431 3565 ostendemus

982 3605 1203 3670 PAFT.

1067 3710 1127 3776 9.
1171 3710 1227 3771 si
1265 3708 1555 3774 sententia
1579 3708 1759 3776 aliter
1790 3727 1893 3790 pr.
1925 3711 2002 3781 P,
2047 3709 2104 3772 si
2139 3729 2181 3772 a
2205 3718 2434 3774 senten-

981 3814 1071 3896 tia
1110 3814 1289 3888 aliter
1324 3815 1426 3879 AF
1458 3821 1522 3878 et
1558 3831 1728 3878 corr.
1780 3814 1862 3890 P,
1928 3815 1984 3878 si
2022 3814 2095 3876 ab
2146 3815 2433 3878 sementia

979 3919 1159 3981 aliter
1201 3920 1270 3983 T.

1071 4025 1172 4087 10.
1220 4017 1473 4104 niallam]
1514 4040 1637 4085 non
1675 4022 1848 4096 illam
1895 4040 1996 4104 pr.
2041 4023 2111 4085 F.
2157 4057 2241 4072 -
2283 4043 2434 4105 quae

982 4146 1104 4192 non
1151 4128 1521 4189 commodum
1565 4127 1679 4189 erit
1717 4135 1821 4190 aut
1864 4135 2093 4190 terram
2118 4136 2247 4191 tum
2274 4129 2436 4190 iudi-

984 4234 1143 4295 cium
1171 4250 1271 4313 pr.
1297 4232 1372 4306 P,
1417 4250 1566 4312 quae
1595 4250 1717 4293 non
1744 4250 1879 4295 cum
1922 4232 2291 4295 commodum
2319 4233 2435 4294 erit

983 4345 1089 4399 aut
1139 4343 1408 4398 erratum
1462 4337 1751 4398 iudicium
1799 4355 1964 4404 corr.
2012 4338 2058 4398 P
2078 4383 2093 4411 ,
2145 4356 2294 4417 quae
2342 4337 2436 4398 in-

984 4441 1291 4518 commoda
1320 4440 1541 4512 mederi
1568 4451 1674 4503 aut
1690 4459 2012 4523 perperam
2037 4447 2309 4503 erratum
2339 4441 2436 4502 iu—

984 4544 1211 4608 dicium
1244 4541 1334 4626 (in
1358 4544 1570 4608 verbis
1599 4544 1970 4607 iiwommoda
1991 4544 2211 4607 mederi
2243 4541 2434 4623 corr.)

988 4647 1070 4721 A,
1114 4668 1264 4729 quae
1304 4667 1426 4710 non
1462 4648 1833 4710 commod-um
1868 4655 1976 4709 aut
1990 4665 2314 4729 perperam
2342 4666 2437 4715 er-

989 4761 1193 4817 ratum
1240 4752 1533 4814 iudicium
1575 4770 1671 4834 pr.
1707 4751 1755 4813 F
1775 4796 1792 4824 ,
1868 4769 2020 4830 quae
2067 4749 2435 4814 incommodo

2586 1108 2682 1167 13.
2731 1113 2836 1168 aut
2857 1110 3002 1187 post
3019 1123 3111 1167 rei
3133 1122 3260 1168 om.
3279 1104 3404 1167 FT.
3433 1135 3517 1150 —
3546 1104 3855 1168 leniundae
3872 1105 3942 1168 B.

2584 1211 2684 1272 14.
2734 1218 2818 1271 est
2854 1210 3017 1271 locus
3058 1210 3229 1273 PFR.

2584 1315 2684 1376 15.
2733 1313 3100 1375 ostendemus
3137 1314 3257 1375 PF.
3291 1348 3373 1360 -—
3417 1333 3497 1378 ex
3531 1314 3798 1379 consulto
3819 1314 3953 1395 sac-

2496 1424 2623 1479 tum
2655 1425 2711 1479 et
2737 1417 2991 1483 dicimus
3018 1435 3143 1486 om.
3171 1435 3268 1503 pr.
3297 1419 3373 1482 R.
3408 1450 3490 1466 ·-
3533 1416 3633 1502 ex]
3680 1428 3735 1482 et
3767 1418 3835 1483 P.
3865 1450 3947 1464 -

2496 1522 2758 1586 dicemus
2799 1521 2868 1583 F.

2586 1628 2685 1689 16.
2734 1621 3196 1707 exmusationem]
3246 1627 3688 1691 excusationem
3721 1646 3845 1691 esse
3868 1630 3940 1692 T.

2504 1757 2577 1774 —-
2624 1725 2867 1811 iustam]
2909 1737 2962 1793 et
2990 1731 3214 1794 iustam
3242 1732 3517 1795 PABFT.
3551 1770 3560 1773 -

2587 1836 2688 1897 17.
2736 1843 2821 1897 est
2875 1834 3040 1897 locus
3077 1838 3148 1899 R.
3209 1868 3292 1881 —-
3361 1832 3499 1919 quo]
3556 1854 3692 1900 cum
3742 1837 3815 1899 F.
3873 1870 3949 1885 —

2471 1966 2484 1983 ·
2499 1937 2867 2001 ostendemus
2908 1938 3029 2001 PF.
3093 1996 3096 1999 ,

2588 2044 2686 2105 18.
2730 2042 3027 2104 iniuriam
3073 2050 3180 2104 aut
3214 2042 3261 2103 F
3317 2048 3379 2105 et
3428 2060 3526 2124 ρι’.
3573 2041 3658 2115 1²,
3718 2044 3956 2106 iniuria

2499 2154 2607 2211 aut
2628 2149 2679 2210 A
2708 2151 2771 2210 et
2796 2163 2965 2210 corr.
2995 2147 3064 2218 P,
3092 2147 3468 2209 iniuriarum
3487 2146 3724 2209 muriae
3749 2155 3857 2208 aiat
3880 2149 3953 2210 T.

2591 2251 2689 2314 19.
2737 2268 3000 2331 quarum
3033 2270 3219 2313 causa
3260 2248 3530 2329 (omisso
3570 2249 3808 2331 rerum)
3834 2252 3953 2314 FT.

2500 2350 2765 2436 (aliquid
2804 2373 3064 2436 quarum
3099 2372 3306 2417 rerum
3335 2373 3461 2418 om.
3498 2373 3600 2436 ρι’.
3627 2350 3731 2437 A.)

2584 2460 2690 2521 20.
2738 2459 3102 2522 ostendemus
3141 2460 3315 2522 PAF.

2587 2564 2693 2626 21.
2739 2558 2877 2644 quo]
2926 2563 3082 2646 quod
3122 2565 3242 2627 BF.

2587 2668 2692 2729 22.
2739 2663 3181 2749 vindicandum]
3215 2667 3601 2731 iudicandum
3629 2669 3702 2732 Τ.
3737 2701 3818 2717 --
3847 2625 3949 2751 sit]

2504 2777 2588 2833 est
2629 2771 2901 2834 PABFT.
2938 2804 3022 2815 —-
3061 2772 3229 2834 locus
3271 2781 3499 2835 constat
3535 2792 3613 2835 ex
3648 2773 3826 2844 PAF,
3870 2773 3956 2834 lo-

2504 2894 2608 2937 cus
2651 2882 2733 2938 est
2769 2875 2873 2957 qui
2907 2882 3140 2938 constat
3172 2895 3250 2939 ex
3284 2875 3412 2940 BR.

2587 2981 2689 3043 23.
2735 2979 2995 3043 dicemus
3051 2980 3167 3044 PF.
3214 3015 3299 3038 -.-
3356 2977 3656 3064 stuprare]
3717 2981 3953 3063 uitupe-

2504 3104 2647 3148 rare
2688 3086 2758 3148 F.

2587 3190 2694 3253 24.
2763 3189 3086 3272 inqenuum
3144 3189 3297 3255 PAT
3311 3237 3334 3266 ,
3404 3190 3708 3272 inqenium
3755 3190 3827 3253 F.
3872 3221 3954 3250 ,--

2503 3312 2746 3358 sacrum
2791 3296 3037 3364 *laedere
3087 3295 3237 3364 PAF
3257 3342 3274 3369 ‚
3344 3295 3535 3376 leyere
3586 3312 3828 3357 sacrum
3869 3294 3916 3354 B
3936 3338 3954 3366 ,

2505 3418 2748 3462 sacrum
2786 3399 2973 3462 ledere
3009 3402 3078 3467 T.
3123 3399 3402 3481 st‘leyere.
3492 3395 3596 3462 Sic
3649 3399 3804 3465 cod.
3865 3393 3970 3480 (R)-

2507 3501 2713 3569 deleta
2767 3521 2852 3566 m.
2913 3505 3052 3572 Sec.
3091 3521 3233 3567 xxv.
3295 3521 3450 3568 voce
3510 3507 3574 3565 et
3636 3519 3949 3586 superscr.

2505 3608 2776 3686 ledere.,‚·
2800 3607 3073 3686 Tuoss.)
3121 3641 3198 3655 -·-
3243 3608 3398 3690 quod
3424 3608 3683 3669 alterum
3700 3614 3953 3688 propter

2507 3719 2848 3795 eyestatem,
2893 3713 3151 3778 alterum
3191 3714 3513 3777 PABFRT.

2592 3818 2692 3881 25.
2727 3824 2980 3898 propter
3005 3835 3131 3881 οιιι.
3154 3818 3225 3880 Β.
3259 3831 3342 3886 -r'
3371 3817 3763 3897 imperantem
3779 3814 3955 3885 PAT.

2591 3922 2697 3984 26.
2745 3929 2884 3983 sunt
2925 3929 3063 3983 acta
3103 3922 3221 3985 FT.

2592 4026 2697 4086 27.
2745 4044 3148 4106 expunqemus
3190 4023 3275 4106 (ἰιι
3307 4020 3553 4110 rasura)
3581 4029 3627 4090 P
3664 4031 3727 4089 et
3762 4043 3860 4106 ρι·.
3880 4026 3950 4095 Α,

2509 4148 2910 4209 expuqnemus
2941 4130 3064 4193 FR.
3111 4128 3504 4212 (exponemus
3545 4149 3712 4195 corr.
3735 4116 3867 4211 A.)
3874 4169 3956 4185 ..-

2507 4233 2795 4295 alacriter
2836 4232 2906 4294 T.

2592 4339 2694 4401 30.
2738 4335 3014 4400 dicimus.
3054 4337 3110 4399 si
3146 4337 3504 4401 ostendimus
3530 4340 3603 4402 T.
3624 4370 3705 4384 -·
3732 4338 3802 4401 in
3826 4337 3960 4419 qui-

2507 4440 2615 4526 bus
2656 4442 2978 4505 commodis
3013 4441 3311 4522 fuerimus
3353 4460 3478 4506 om.
3510 4445 3575 4507 P.

2593 4545 2740 4628 Pag.
2774 4547 2879 4608 39.
2928 4565 2991 4609 v.
3031 4546 3088 4609 1.
3165 4545 3398 4624 suimus
3439 4548 3711 4610 ABFRT.

2595 4649 2659 4710 2.
2706 4642 2849 4729 sint]
2896 4655 3033 4709 sunt
3076 4650 3157 4720 T,
3201 4647 3325 4710 sint
3364 4647 3739 4711 incommoda
3778 4651 3854 4713 R.

2595 4752 2658 4813 4.
2706 4746 2868 4832 quid]
2915 4750 3072 4831 quod
3126 4751 3195 4816 F.
3246 4793 3331 4809 --
3379 4750 3604 4814 nostris
3647 4751 3963 4835 promimis

989 4855 1211 4921 mederi
1237 4862 1342 4918 aut
1364 4861 1633 4917 erratum
1655 4853 1943 4917 iudicium
1968 4871 2135 4918 corr.
2162 4854 2241 4929 F,
2286 4875 2438 4937 quae
2500 4854 2852 4938 parentibus
2892 4856 3013 4924 BR.
