4620 5864
1382 674 1486 738 AD
1533 672 1880 738 HERENN.
1963 673 2116 737 LIB.
2166 670 2299 737 1v.-
2365 671 2536 737 CAP.
2582 670 2883 735 48—52.

660 854 665 865 ’
697 874 805 936 25.
862 872 1052 935 Videte
1079 872 1151 935 Β.
1172 879 1659 934 -numerentur
1688 875 1812 937 ΒΤ.

3493 666 3599 738 63

2233 874 2336 937 17.
2392 872 2674 935 Viderunt
2702 873 2773 938 T.
2795 907 2873 920 --
2883 867 3207 951 posteridie
3235 886 3333 950 pr.
3364 870 3431 943 P,
3457 887 3603 949 pos-

691 978 803 1041 26.
854 978 958 1058 qui
1000 977 1126 1038 iam
1166 977 1302 1038 bene
1341 983 1627 1038 naturam
1667 979 1768 1041 PR
1808 982 1870 1039 et
1899 996 2064 1039 corr.
2149 986 2275 1037 tero
2318 977 2415 1038 die
2458 994 2625 1040 corr.
2670 974 2740 1036 P.

615 1081 689 1154 A,
717 1081 820 1161 qui
846 1081 1001 1142 hanc
1020 1087 1307 1142 naturam
1330 1080 1464 1142 bene
1492 1083 1565 1154 B,
1600 1081 1704 1162 qui
1732 1081 1868 1142 bene
1892 1090 2070 1145 natu-

613 1202 750 1245 ram
782 1184 830 1244 F
871 1190 933 1246 et
960 1203 1059 1265 pr.
1091 1185 1168 1256 A,
1204 1185 1309 1265 qui
1338 1184 1464 1245 iam
1491 1184 1626 1246 bene
1653 1191 1938 1246 naturam
1965 1186 2070 1246 ho-

612 1287 796 1348 minis
817 1288 889 1349 T.
918 1321 999 1334 -
1036 1288 1183 1349 Tum
1213 1288 1285 1349 Β.

696 1392 800 1453 27.
838 1391 1048 1472 plures
1088 1409 1211 1454 om.
1243 1391 1361 1454 PF.

696 1495 799 1557 28.
847 1491 981 1577 duc]
1013 1496 1129 1557 duo
1161 1498 1335 1558 Τ;-
1378 1495 1667 1559 libanium
1694 1495 1747 1558 A
1779 1502 1841 1559 et
1866 1516 1960 1560 rc.
1991 1498 2062 1558 F.

696 1600 800 1662 29.
850 1599 954 1680 qui
996 1596 1197 1683 istum]
1245 1620 1394 1682 quos
1435 1601 1544 1662 iste
1586 1600 1727 1663 dum
1772 1601 1942 1663 PBF.
1984 1635 2066 1647 —-
2122 1622 2131 1627 ’

610 1700 751 1764 dum
781 1721 906 1763 om.
946 1703 1115 1765 PBF.
1152 1738 1235 1749 —
1255 1705 1685 1785 pereyrinatur
1725 1704 1947 1765 PBFR.
1983 1739 2066 1751 -

610 1801 964 1889 invitarant]
1013 1816 1361 1888 acceperunt
1402 1809 1456 1869 A
1473 1853 1492 1881 ,
1541 1809 1757 1870 invitat
1782 1810 1829 1870 B
1848 1855 1865 1881 ,
1910 1827 2069 1871 rece-

601 1919 825 1991 perunt
867 1913 935 1981 T,
983 1930 1109 1973 om.
1159 1913 1279 1976 PF.

696 2014 799 2075 30.
835 2015 1537 2078 herculeABFT.—sane
1555 2036 1680 2079 om.
1702 2017 1801 2079 FT
1819 2023 1881 2080 et
1892 2017 2064 2100 prA.

695 2120 843 2199 Pag.
894 2118 997 2180 98.
1046 2137 1107 2181 v.
1154 2120 1217 2180 2.
1309 2116 1420 2203 me]
1457 2140 1648 2182 meam
1677 2122 1849 2182 T.—
1878 2116 2060 2203 recta]

612 2229 834 2284 rectam
879 2223 959 2293 Τ,
1007 2229 1170 2284 recta
1196 2223 1305 2285 uia
1334 2242 1501 2287 corr.
1537 2225 1625 2299 A,
1682 2236 1809 2288 om.
1852 2244 1949 2310 pr.
1984 2229 2060 2288 A.

612 2358 690 2370 —
716 2325 985 2387 abies-etis
1024 2326 1199 2389 BFT.

695 2430 757 2491 3.
806 2429 885 2490 ite
926 2426 1173 2512 meeum]
1228 2431 1377 2493 Item
1430 2451 1641 2513 equum
1691 2433 1738 2494 P
1759 2479 1777 2506 ‚
1838 2441 2067 2494 euntem

610 2532 780 2594 illum
811 2535 961 2596 BFT
982 2578 1001 2607 ,
1052 2541 1281 2597 ewttem
1314 2554 1444 2596 eum
1473 2536 1546 2597 R.
1584 2570 1663 2580 -—
1694 2536 1790 2597 illi
1815 2554 2068 2616 sequun-

612 2644 714 2697 tur
754 2637 829 2698 Β.
1135 2702 1138 2704 ,

692 2740 756 2803 4.
796 2740 1238 2803 'huiue'interea
1266 2740 1336 2814 F,
1368 2741 1711 2805 huiusmodi
1738 2743 1965 2805 interea
1993 2745 2063 2809 T.

695 2844 757 2906 5.
799 2844 1102 2925 frumenta
1145 2845 1476 2907 cuiusmodi
1518 2847 1847 2910 PABFRT.

696 2950 756 3011 6.
803 2945 981 3031 nunc]
1028 2969 1133 3012 nec
1177 2951 1250 3012 T.

694 3053 758 3115 7.
805 3054 956 3133 cepit
997 3049 1265 3117 insanire
1299 3058 1366 3140 T,
1398 3056 1668 3120 insanire
1697 3058 1843 3190 coepi
1873 3057 1946 3119 Β.
1982 3090 2065 3103 -

609 3155 833 3219 hisdem
878 3157 1094 3221 PBFT.
1550 3199 1553 3206 ›

695 3261 756 3322 9.
804 3257 940 3344 quo]
975 3262 1130 3343 quod
1144 3263 1220 3324 P.
1248 3259 1483 3346 —pro]
1507 3283 1661 3345 prae
1682 3264 1805 3327 FT.
1914 3247 1915 3250 Ἴ

699 3365 799 3426 10.
846 3364 1055 3427 domne
1086 3365 1251 3429 diam
1280 3368 1395 3441 PF,
1438 3369 1711 3430 dominae
1750 3369 1945 3431 edium
1986 3369 2058 3430 T.

609 3496 689 3511 —
706 3465 1065 3551 inqreditur]
1091 3470 1159 3531 in
1173 3472 1403 3551 inteyro
1418 3491 1520 3553 pr.
1548 3474 1613 3535 P.
1625 3505 1692 3514 -—
1712 3472 1977 3535 habitato
1993 3475 2063 3535 T.

700 3574 798 3635 11.
845 3573 1219 3652 Perspieicur
1246 3585 1441 3637 autem
1470 3577 1625 3658 quod
1652 3576 1729 3649 P,
1769 3577 2067 3657 perspici-

609 3682 712 3737 tur
738 3685 843 3738 aut
888 3677 1044 3760 quod
1081 3677 1147 3751 F,
1192 3678 1489 3760 Perspicit
1524 3688 1719 3743 autem
1753 3689 2066 3761 arqentum

610 3778 766 3861 quod
785 3782 909 3843 RT.
940 3781 1283 3862 (arqentum
1305 3783 1448 3845 add.
1485 3801 1648 3848 corr.
1682 3781 1786 3857 A.)
1805 3780 2059 3865 -visid

609 3890 677 3943 ut
703 3883 759 3944 si
788 3883 857 3958 P,
905 3893 971 3945 ut
998 3886 1078 3948 sic
1104 3886 1281 3949 AFT.

698 3986 797 4049 12.
832 3987 1131 4068 probatur
1159 3990 1232 4051 Τ.
1264 4022 1339 4035 -
1372 3985 1548 4073 clam]
1588 3990 1843 4067 clareB,
1888 4011 1984 4073 pr.
2016 3993 2063 4054 P

611 4094 677 4152 et
718 4109 883 4154 corr.
932 4092 1007 4154 A.

618 4211 623 4218 ¹
694 4194 797 4262 13.
842 4195 985 4257 uelit
1026 4196 1151 4258 iam
1195 4197 1364 4259 exire
1406 4198 1586 4261 AFT.
1634 4230 1718 4245 —-
1769 4200 1939 4261 Itane
1981 4206 2065 4260 est

608 4296 805 4379 inquit
825 4299 1001 4361 AFT.
1033 4333 1115 4346 —
1132 4279 1350 4383 frater]
1384 4303 1584 4383 frater
1624 4322 1788 4365 meus
1823 4304 1893 4365 B.

698 4403 799 4464 14.
841 4402 1075 4481 falerno
1105 4404 1472 4466 PBFRT.—
1492 4407 1733 4481 huesuos
1764 4408 1836 4469 B.
1857 4442 1939 4452 —-
1968 4407 2065 4469 de-

608 4499 805 4586 cuma]
821 4505 899 4566 ad
914 4503 1216 4569 decumam
1237 4509 1428 4571 BR.-
1447 4509 1725 4590 Hospites
1741 4512 2057 4592 om.pr.A.

701 4609 800 4671 15.
848 4608 1195 4674 descendunt
1222 4612 1294 4678 Β.
1323 4616 1695 4694 -paratim
1727 4616 1797 4676 F.
1822 4648 1905 4658 —
1926 4634 2064 4677 eon-

607 4713 748 4776 iecit
792 4713 1018 4775 PAFT.
1077 4747 1154 4762 -
1200 4716 1295 4778 illi
1328 4735 1455 4780 om.
1499 4718 1702 4781 PFRT
1739 4723 1801 4780 et
1851 4737 1948 4800 pr.
1988 4719 2060 4782 A.

537 4849 547 4858 ·
609 4847 696 4865 —-
716 4817 960 4879 decuma
1000 4825 1144 4901 post
1174 4838 1348 4883 suam
1379 4819 1561 4901 ponit
1587 4822 1657 4884 F.
1687 4855 1769 4868 —
1792 4841 1911 4904 qua
1940 4824 2059 4886 BT.

701 4923 801 4983 16.
850 4923 1019 4985 cuias
1061 4921 1133 4983 T.

2234 1081 2334 1143 18.
2383 1079 2463 1142 At
2483 1081 2660 1142 isteF-
2688 1084 2751 1142 et
2769 1097 2863 1163 pr.
2893 1078 2969 1153 A,
3000 1074 3082 1141 At
3099 1076 3212 1139 isle
3236 1077 3324 1140 aie
3353 1077 3423 1138 T.
3466 1073 3605 1155 (Ait

2144 1187 2255 1248 iste
2300 1203 2465 1248 corr.
2515 1180 2606 1265 A)
2869 1214 2874 1221 ·

2235 1290 2335 1350 19.
2384 1289 2706 1368 anqiportu
2733 1289 2857 1349 FR.
2897 1318 2973 1332 —
3000 1280 3142 1368 toto]
3188 1292 3313 1346 tuto
3348 1283 3465 1357 PF,
3491 1301 3603 1363 po-

2144 1392 2368 1487 stulant
2402 1400 2523 1454 tolo
2554 1394 2627 1454 T.
2658 1428 2733 1438 —
2759 1412 2820 1454 se
2850 1410 2977 1453 om.
3010 1390 3158 1453 PFT
3194 1395 3258 1452 et
3298 1409 3396 1470 pr.
3440 1387 3512 1448 A.

2228 1498 2333 1558 20.
2383 1497 2635 1558 anniani
2680 1498 2752 1559 T.
3559 1581 3563 1585 .

2227 1602 2333 1662 21.
2383 1595 2752 1682 corroyarec]
2794 1608 3035 1682 roqaret
3067 1599 3185 1671 PT,
3222 1604 3492 1679 roqasset
3527 1596 3598 1670 F,

2143 1712 2533 1784 corroyassec·
2574 1705 2626 1765 R
2679 1711 2742 1766 et
2786 1724 2883 1785 pr.
2951 1705 3024 1764 A.
3070 1701 3455 1781 (conroqaret
3501 1717 3598 1784 pr.

2144 1805 2242 1889 A.)
2267 1842 2350 1853 —
2372 1808 2643 1869 seruulos
2669 1826 2791 1868 non
2824 1806 3152 1868 inurbanae
3179 1805 3404 1867 PAFT.

2228 1913 2337 1976 22.
2392 1919 2767 1992 compararet
2789 1913 2861 1973 T.
2883 1906 3260 1992 (comparare
3288 1929 3378 1973 rc.
3407 1904 3499 1993 F.)
3519 1941 3604 1957 --

2144 2002 2374 2077 deducti
2417 2019 2483 2078 Β.
2511 2048 2590 2060 -
2616 2015 2925 2078 maximas
2963 2014 3092 2077 edes
3135 2015 3206 2076 B.

2227 2121 2334 2182 23.
2385 2121 2577 2182 amico
2610 2120 2848 2182 cuidam
2869 2121 2941 2182 B.
2964 2154 3047 2167 —
3086 2118 3495 2181 accomodasse
3522 2119 3597 2179 R.

2228 2224 2334 2286 24.
2383 2243 2570 2304 apaye
2627 2220 2885 2305 (omisso
2935 2223 3020 2303 te)
3070 2222 3219 2285 PFT
3267 2229 3331 2311 ert
3373 2241 3467 2306 pr.
3523 2223 3599 2295 A,

2143 2346 2365 2408 apayes
2398 2327 2552 2407 (om.
2582 2327 2664 2409 te)
2685 2329 2752 2398 F,
2799 2335 3041 2408 apaqete
3071 2344 3237 2390 corr.
3272 2330 3344 2389 A.

2227 2431 2330 2493 26.
2377 2449 2482 2510 eqo
2525 2450 2743 2511 queque
2785 2431 2989 2492 deinde
3015 2431 3089 2493 A.

2228 2535 2336 2595 27
2383 2528 2650 2614 narrem]
2680 2552 2890 2614 parem
2933 2534 3052 2596 PF.

2227 2636 2333 2698 29.
2383 2655 2660 2699 enaraese
2698 2639 2768 2700 F.
2801 2672 2884 2685 —
2911 2639 3182 2701 nationes
3213 2640 3285 2701 T.
3323 2668 3398 2680 —
3434 2635 3597 2743 quid]

2142 2740 2299 2823 quod
2345 2739 2414 2801 P.

2227 2845 2333 2906 31.
2382 2852 2518 2906 ante
2540 2845 2740 2907 oeulos
2751 2854 2984 2926 ponunt
3017 2847 3089 2908 B.
3411 2874 3416 2881 ¹

2228 2950 2331 3012 32.
2374 2945 2592 3031 inuidi]
2619 2952 2825 3012 mundi
2849 2953 2920 3013 T.
2948 2986 3030 2997 —
3062 2952 3277 3013 tumidi
3301 2953 3427 3015 BR.

2226 3053 2330 3114 33.
2379 3063 2679 3116 amatores
2701 3056 3012 3118 luxuriosi
3038 3056 3208 3137 fures
3236 3055 3604 3139 quadrupla-

2143 3165 2301 3218 tores
2343 3158 2416 3218 T.

2076 3287 2095 3312 .
2226 3260 2332 3323 34.
2381 3261 2554 3323 cuius
2594 3263 2664 3323 F.
2692 3294 2776 3308 -
2802 3263 3040 3324 notione
3069 3263 3134 3328 F.

2226 3365 2332 3427 38.
2381 3361 2655 3448 quinque]
2701 3367 2769 3427 in
2809 3386 2905 3448 pr.
2945 3367 3016 3441 P,
3076 3385 3203 3429 om.
3255 3383 3421 3430 corr.
3460 3366 3508 3428 P
3540 3371 3604 3430 et

2141 3484 2238 3550 pr.
2286 3468 2365 3532 A.
2398 3501 2482 3515 -—
2510 3469 2777 3533 homines
2821 3470 2990 3534 PFR.

2226 3628 2388 3710 Pag.
2411 3630 2515 3690 99.
2564 3648 2626 3693 v.
2667 3631 2724 3693 l.
2815 3631 3048 3711 inrupit
3071 3629 3307 3708 PBFR,
3346 3633 3602 3714 irripuit

2143 3734 2214 3794 T.
2248 3766 2333 3779 -
2361 3733 2566 3796 deinde
2593 3734 2757 3797 dixit
2779 3754 2999 3816 maqna
3027 3737 3100 3798 Β.

2224 3847 2285 3908 2.
2317 3848 2436 3927 ,qui
2461 3847 2613 3909 mihi
2641 3827 2712 3923 1⁴³,
2760 3848 3016 3929 quinon
3046 3850 3197 3911 mim
3225 3853 3296 3915 T.

2225 3960 2287 4022 3.
2332 3955 2421 4042 fit]
2444 3959 2566 4040 suit
2587 3961 2861 4023 PBFRT.
2951 3964 3015 4025 4.
3064 3963 3281 4025 adiecit
3309 3967 3382 4027 T.

2225 4075 2289 4135 5.
2336 4073 2534 4154 inquit
2560 4093 2677 4153 per
2717 4094 2867 4156 quae
2897 4092 3061 4139 corr.
3102 4076 3171 4144 P.
3216 4075 3357 4158 (per
3401 4083 3498 4140 est
3530 4078 3596 4140 in

2141 4195 2361 4239 rasura
2404 4177 2589 4239 unius
2625 4169 2917 4260 li'tterae.)

2225 4291 2287 4352 7.
2335 4307 2507 4351 nosse
2537 4290 2605 4355 F.
2649 4324 2733 4338 -
2765 4291 3064 4356 hominem
3101 4313 3223 4357 esee
3250 4295 3375 4358 BT.
3407 4325 3493 4342 —-
3515 4293 3595 4358 At

2139 4394 2238 4456 ille
2282 4413 2411 4456 om.
2461 4396 2526 4459 P.

2224 4508 2287 4570 8.
2335 4507 2830 4573 date--desinite
2874 4512 2947 4573 T.
3004 4545 3089 4560 —-
3137 4530 3259 4575 non
3314 4510 3462 4575 abiit
3511 4512 3593 4587 B,

2137 4630 2281 4673 nam
2308 4612 2456 4673 abiit
2487 4630 2581 4696 pr.
2613 4612 2687 4674 R.
2728 4647 2804 4660 -
2833 4614 2946 4678 Ille
2990 4617 3063 4679 T.

2222 4724 2282 4786 9.
2326 4723 2556 4787 interea
2599 4727 2824 4789 venisse
2870 4726 3074 4812 istum]
3133 4731 3315 4793 istum
3368 4731 3596 4793 interea

2138 4828 2368 4890 uenisse
2395 4828 2466 4901 Β,
2513 4828 2740 4893 interea
2773 4833 2997 4894 venisse
3014 4832 3243 4912 factum
3277 4842 3364 4896 est
3389 4837 3456 4906 P,
3500 4836 3597 4896 in-

2138 4939 2302 4995 terea
2337 4934 2567 4996 uenisse
2608 4952 2708 5016 pr.
2749 4933 2826 5009 A,
2872 4936 3100 5000 interea
3127 4937 3343 5002 sedisse
3365 4938 3596 5019 sactum
