4620 5864
1408 619 1514 683 AD
1557 618 1901 683 HERENN.
1920 681 1926 687 ,
1948 617 2099 681 LIB.

708 824 814 888 29.
862 830 916 886 et
971 841 1101 886 om.
1150 820 1368 885 PFRT.
1417 851 1495 864 —
1550 817 1820 899 aliquam
1872 823 2075 879 notam

625 947 790 992 corr.
830 927 878 989 P
925 935 989 990 et
1031 946 1122 989 rc.
1156 926 1225 987 F.
1260 955 1343 968 —
1377 939 1711 1003 pronomen
1752 922 1823 982 F.

709 1034 816 1096 30.
863 1026 1127 1112 Decimo]
1175 1027 1375 1090 dedico
1419 1025 1488 1088 P.
1531 1058 1609 1071 —
1654 1024 1873 1087 similis
1915 1024 1985 1086 P.

705 1135 811 1200 31.
859 1153 1091 1217 quoquo
1136 1134 1208 1193 B.

704 1242 809 1302 32.
855 1239 924 1300 in
965 1230 1195 1316 celebri]
1244 1232 1521 1296 inlecebri
1563 1233 1633 1294 F.

704 1345 808 1407 33.
855 1348 1026 1403 notos
1067 1359 1165 1419 pr.
1197 1337 1272 1399 A.
1303 1365 1384 1379 -
1428 1336 1742 1398 solicitudo
1784 1335 1854 1403 F.

704 1448 808 1509 34.
855 1438 1142 1525 inteqras]
1187 1442 1424 1522 inteqra
1470 1441 1540 1502 ui
1589 1439 1761 1502 PFT.
1810 1469 1889 1482 —
1954 1437 2074 1502 dis-

621 1550 809 1613 simili
850 1549 975 1612 BR.

706 1655 810 1718 35.
857 1650 1125 1714 distincti
1166 1648 1294 1723 PA,
1338 1648 1575 1711 distinti
1617 1649 1686 1711 T.

705 1757 854 1837 Pag.
891 1758 995 1818 55.
1043 1772 1105 1818 v.
1144 1756 1198 1820 1.
1283 1749 1438 1835 quis]
1485 1752 1589 1833 qui
1632 1750 1907 1814 PBFRT.

707 1862 770 1923 2.
819 1859 1085 1921 locorum
1128 1875 1254 1918 om.
1304 1856 1525 1917 PAFT.
1567 1887 1651 1899 —
1708 1862 1775 1916 ut
1816 1850 2068 1937 iqnoret]

2148 612 2259 682 111.
2344 617 2512 682 CAP.
2566 616 2861 680 16—21.
3500 615 3605 684 35

2232 817 2338 878 21.
2386 822 2562 878 notas
2600 814 2770 877 nobis
2796 808 3238 897 similitudines]
3271 822 3446 877 notas
3472 832 3610 876 nos-

2147 929 2263 983 met
2306 920 2726 982 similitudines
2768 935 2861 1001 pr.
2903 919 2985 989 A,
3040 926 3217 980 notas
3258 919 3607 981 similitudi*-

2148 1043 2251 1087 nes
2296 1044 2462 1086 corr.
2497 1024 2582 1095 A,
2626 1031 2850 1085 nosmet
2893 1020 3160 1101 (omisso
3188 1021 3394 1100 notas)
3436 1023 3605 1085 nobis

2148 1128 2573 1190 similitudines
2615 1130 2693 1200 B,
2739 1126 2965 1188 similes
3004 1134 3179 1187 notas
3218 1126 3388 1187 nobis
3429 1126 3602 1191 R.—

2150 1231 2432 1311 Dupliees
2472 1231 2666 1310 iyitur
2705 1229 3126 1291 similitudines
3169 1229 3443 1294 PAFRT.

2235 1335 2340 1396 25.
2388 1329 2671 1414 nominis]
2720 1333 2980 1394 hominis
3023 1334 3093 1395 P.

2234 1438 2338 1500 26.
2387 1422 2930 1519 comprehendimus
2971 1436 3193 1498 PBFT.

2233 1543 2340 1603 27.
2389 1541 2462 1603 ab
2503 1559 2605 1603 reo
2650 1556 2774 1603 om.
2819 1540 2948 1601 AT.
3000 1575 3072 1585 —
3153 1535 3468 1623 hominem]
3528 1541 3602 1602 ab

2149 1645 2383 1707 homine
2427 1647 2501 1707 A.
2541 1679 2615 1692 --
2657 1653 2934 1706 necatum
2976 1662 3198 1706 ueneno
3239 1644 3417 1706 AFT.

2234 1751 2340 1812 29.
2387 1746 2487 1832 sit]
2536 1759 2621 1811 est
2663 1750 2801 1821 AT,
2848 1766 2974 1811 om.
3003 1749 3072 1811 P.

2233 1855 2338 1917 30.
2386 1854 2570 1915 totius
2610 1855 2703 1915 rei
2730 1857 2813 1925 R,
2861 1853 3041 1915 totius
3083 1849 3352 1931 (omisso
3380 1849 3596 1933 rei)T.
3629 1835 3642 1849 ’

622 1970 676 2027 et
715 1963 1016 2044 iqnorabit
1056 1963 1127 2023 Β.
1178 1988 1259 2001 -
1326 1954 1489 2040 quid]
1548 1957 1706 2039 quod
1746 1959 1815 2019 F.
1870 1991 1953 2003 —
2010 1960 2076 2020 in
2151 1988 2228 1999 —
2274 1958 2756 2039 confirmabimus
2798 1928 2970 2019 PFR.

620 2087 843 2150 quoque
884 2065 1172 2136 PAFRT,
1232 2064 1301 2126 in
1340 2081 1573 2144 quoquo
1615 2063 1685 2124 B.
1742 2093 1824 2106 ·-
1895 2061 2076 2125 collo-

621 2171 850 2233 cauerit
889 2170 1013 2231 FR.
1049 2202 1133 2215 —
1174 2163 1283 2249 Et]
1333 2185 1477 2228 nam
1521 2172 1576 2226 et
1617 2164 1743 2226 AF.

703 2277 766 2337 3.
814 2267 1068 2354 modica]
1116 2272 1382 2334 modicos
1424 2271 1497 2331 T.
1537 2301 1616 2315 —
1658 2267 1978 2331 mediocris
1996 2270 2067 2332 P.

620 2412 702 2425 -—
742 2377 951 2440 haberi
994 2394 1163 2440 corr.
1197 2377 1265 2437 P.

700 2483 767 2546 4.
827 2479 1067 2543 modum
1148 2478 1528 2562 diffinitionis
1601 2495 1748 2559 per.
1802 2485 2072 2543 extrema

616 2586 804 2667 ampli
848 2588 919 2648 T.
958 2600 965 2608 ·

703 2691 766 2752 5.
820 2683 990 2772 Tum]
1033 2695 1178 2750 tunc
1219 2689 1293 2750 R.

700 2794 763 2855 6.
812 2792 1021 2855 habere
1063 2792 1165 2855 FR
1208 2798 1272 2853 et
1314 2809 1407 2875 pr.
1439 2790 1509 2853 P.
1548 2868 1553 2873 .

704 2897 764 2961 8.
809 2916 930 2960 esse
960 2891 1179 2980 placet]
1225 2895 1385 2960 ualet
1427 2913 1549 2958 esse
1590 2913 1691 2977 pr.
1726 2896 1772 2959 P
1786 2942 1803 2971 ‚
1870 2896 2071 2959 ualent

618 3020 739 3064 esse
780 3002 880 3066 AF
923 3007 988 3064 et
1028 3019 1190 3065 corr.
1236 3000 1314 3072 P,
1378 3000 1588 3062 uolunt
1630 3018 1752 3062 esse
1795 2997 1875 3072 T,
1930 3001 2071 3081 pla-

616 3113 746 3168 cent
786 3124 906 3168 esse
947 3108 994 3168 B
1013 3151 1030 3178 ,
1063 3106 1261 3187 placet
1305 3123 1425 3166 esse
1468 3107 1542 3168 R.
1577 3138 1658 3149 —
1702 3111 1810 3166 aut
1842 3100 2063 3186 minus]

618 3209 752 3271 licet
794 3210 866 3271 B.

701 3314 764 3374 9.
811 3314 952 3375 item
979 3313 1205 3375 ABFT.
1240 3345 1317 3358 —
1363 3308 1668 3393 coqitatio]
1707 3311 1966 3393 coynitio
1989 3313 2061 3373 T.

705 3418 805 3478 10.
854 3413 1208 3499 admoveris]
1264 3416 1651 3478 admonueris
1692 3419 1766 3480 Β.

706 3520 805 3582 11.
843 3519 1033 3599 plura
1062 3539 1187 3583 om.
1218 3520 1441 3582 PAFT.
1469 3553 1548 3564 -—
1570 3519 1846 3600 plorauit
1870 3537 1967 3601 pr.
1997 3520 2064 3592 P,

618 3624 962 3704 explorauit
1003 3624 1210 3687 AFRT
1254 3629 1317 3685 et
1358 3640 1523 3685 corr.
1573 3625 1646 3695 P,
1710 3624 1948 3685 nouerit
1988 3624 2060 3684 B.

618 3760 700 3774 —
742 3722 1033 3809 quamvis]
1080 3736 1135 3789 et
1176 3727 1455 3808 quamuis
1495 3726 1767 3790 PAFRT.

707 3832 806 3894 12.
855 3831 1073 3891 multos
1115 3839 1168 3892 et
1210 3831 1449 3892 idoneos
1500 3829 1581 3912 ad
1627 3830 1749 3892 ista
1790 3829 1949 3891 locos
1989 3832 2060 3892 Β.

618 3966 701 3980 -
721 3941 1009 4014 conparat
1027 3951 1117 4016 pr.
1148 3933 1213 4005 P,
1243 3919 1686 4013 comparauerit
1705 3949 1872 3996 corr.
1897 3935 1968 3995 Β.
1982 3967 2064 3977 -

617 4036 752 4117 quis
792 4038 927 4099 adis
952 4036 1192 4098 idoneos
1234 4054 1330 4119 pr.
1365 4037 1436 4109 P,
1483 4037 1618 4116 quis
1657 4035 1738 4097 ad
1779 4036 1900 4098 ista
1941 4035 2068 4098 ido—

616 4158 755 4202 neos
782 4141 936 4204 AFR
965 4148 1028 4203 et
1055 4158 1219 4202 corr.
1252 4140 1297 4200 P
1314 4189 1330 4214 ,
1375 4140 1513 4221 quis
1541 4139 1691 4201 satis
1730 4139 1970 4201 idmzeos
1996 4141 2063 4210 Β,

617 4243 753 4323 quis
790 4244 867 4305 ad
909 4245 1028 4305 ista
1069 4245 1344 4307 idoneum
1387 4246 1459 4305 T.
1500 4314 1517 4322 ..
1553 4243 1757 4306 Verba
1814 4243 1893 4304 ad
1945 4244 2067 4306 ista

617 4341 877 4409 delenda
920 4347 1209 4410 videntur
1253 4353 1471 4427 utpote
1515 4353 1659 4420 nata
1702 4366 1738 4407 e
1767 4365 1924 4418 voce
1967 4367 2068 4410 sa-

615 4448 695 4510 tis
737 4457 1029 4533 corrupta
1072 4451 1139 4512 in
1183 4451 1335 4513 adis.

704 4553 804 4613 13.
841 4555 1088 4633 putauit
1129 4556 1284 4619 PAR
1338 4561 1401 4617 et
1454 4549 1903 4640 (superscripto
1946 4574 2064 4637 pu-
2135 4565 2371 4638 9antem
2431 4557 2499 4617 T.

614 4654 859 4736 tauerit)
902 4658 972 4719 F.

701 4761 802 4822 15.
851 4762 1217 4823 commodum
1259 4772 1312 4824 et
1356 4761 1789 4847 οφ1,;ΡΑΕΙίΤ.

696 4864 802 4926 20.
851 4871 906 4925 et
948 4881 1075 4927 om.
1108 4864 1278 4929 PAF.

2232 2061 2382 2143 Pag.
2416 2063 2520 2125 56.
2569 2081 2632 2125 v.
2670 2064 2729 2125 1.
2819 2061 3124 2124 cubantem
3151 2079 3220 2124 in
3245 2060 3490 2124 lectoB.
3519 2091 3602 2107 -

2141 2164 2404 2248 facimus
2445 2169 2517 2229 R.
2669 2166 2676 2177 '

2230 2271 2294 2331 2.
2344 2269 2769 2350 aqnouerimus
2811 2286 2938 2331 om.
2975 2267 3144 2332 PAF.

2230 2374 2294 2436 3.
2340 2391 2463 2435 non
2504 2390 2632 2435 om.
2667 2372 2762 2435 PF
2809 2379 2872 2435 et
2913 2390 3011 2456 pr.
3046 2372 3121 2435 A.
3160 2405 3244 2419 --
3289 2367 3438 2456 loco]
3486 2372 3602 2435 ali-

2144 2497 2260 2559 quo
2302 2478 2357 2539 R
2400 2485 2463 2541 et
2505 2495 2596 2562 pr.
2630 2476 2698 2540 P.

2228 2582 2291 2643 4.
2340 2583 2691 2643 astituemns
2732 2578 2972 2654 PABT,

2145 2685 2397 2748 dextera
2437 2685 2667 2747 PABT.

2229 2792 2288 2852 5.
2334 2790 2590 2852 medicos
2631 2807 2727 2873 pr.
2763 2790 2838 2863 P,
2882 2786 3172 2851 medicum
3215 2790 3287 2851 T.
3337 2789 3594 2869 (medico

2146 2914 2312 2958 corr.
2347 2892 2442 2978 P.)
2474 2927 2555 2939 —
2600 2901 2823 2958 tenente
2863 2894 2989 2957 AF.
3022 2926 3106 2939 —
3149 2900 3203 2956 et
3246 2911 3372 2960 om.
3403 2897 3475 2959 R.

2229 3001 2293 3061 9.
2342 3000 2617 3062 uolumus
2632 3003 2795 3063 R.—-
2817 3001 3304 3080 consequamur-F
3328 3005 3391 3061 et
3409 3018 3504 3083 pr.
3521 3001 3594 3064 A.
3617 3041 3620 3046 »

2231 3105 2333 3166 12.
2381 3099 2473 3185 Id]
2521 3104 2761 3185 ideoque
2790 3104 2852 3164 id
2882 3107 2953 3167 R.
2992 3135 3069 3148 —
3115 3121 3226 3164 nos
3254 3120 3382 3167 om.
3418 3104 3592 3166 F.—

2142 3207 2303 3270 domi
2343 3207 2624 3269 ultionem
2669 3208 2994 3268 PABFRT.
3027 3248 3109 3260 -
3153 3207 3314 3287 reqis
3356 3207 3426 3269 T.

2232 3314 2332 3375 13.
2367 3312 2574 3392 primo
2606 3331 2731 3372 om.
2765 3311 3092 3373 PABFRT.
3125 3344 3208 3357 -
3237 3311 3593 3375 constituere

2143 3411 2403 3497 (omisso
2448 3414 2709 3497 oportet)
2753 3415 2828 3487 P,
2875 3422 3101 3497 oportet
3142 3415 3497 3477 constituere
3517 3416 3590 3489 B.

2229 3519 2330 3581 15.
2377 3520 2556 3581 domu
2595 3519 2848 3581 ultiones
2902 3537 3001 3600 pr.
3046 3518 3123 3592 P,
3194 3518 3356 3580 domi
3408 3519 3590 3581 ultio-

2140 3641 2272 3684 nem
2316 3623 2573 3687 ABFRT
2615 3631 2678 3686 et
2721 3642 2885 3683 corr.
2938 3622 3007 3683 P.
3060 3656 3138 3666 —
3181 3622 3343 3702 reqis
3384 3623 3457 3684 T.
3504 3656 3589 3670 —

2142 3727 2458 3806 aesoplmm
2500 3734 2553 3787 et
2594 3725 2900 3807 cymbrum
2940 3726 3062 3788 AF.

3018 2578 3393 2644 adstruemus
3419 2583 3494 2647 R.
3514 2616 3597 2629 —

2230 3832 2328 3893 16.
2371 3829 2698 3892 subornare
2740 3830 3109 3910 Iphigeniam
3127 3876 3144 3900 ,
3188 3827 3589 3911 Aqamemno-

2138 3952 2272 3994 nem
2316 3942 2369 3996 et
2410 3929 2761 4015 Menelaum]
2820 3933 3142 3995 subornari
3198 3942 3266 3995 ut
3306 3934 3387 3996 ad
3427 3935 3590 4017 ephi·-

2139 4038 2376 4118 qeniam
2450 4039 2518 4099 in
2584 4055 3073 4119 aqamemnonem
3141 4043 3197 4098 et
3263 4038 3591 4102 menelaum

2140 4140 2467 4220 (menalam
2507 4139 2581 4216 F)
2627 4142 2810 4213 PAF,
2870 4141 3192 4203 subornari
3233 4149 3299 4203 ut
3340 4143 3438 4204 uel
3477 4161 3589 4204 ua·-

2138 4253 2375 4325 9an1em
2432 4244 2801 4338 ephiqeniam
2856 4246 2937 4316 B,
3012 4245 3333 4307 subornari
3392 4253 3460 4307 ut
3511 4247 3591 4308 ad

2139 4348 2520 4430 ephyqeniam
2577 4348 2970 4428 aduaqantem
3011 4366 3491 4429 aqamemnonem
3534 4357 3589 4411 et

2138 4454 2465 4514 menelaum
2506 4453 2589 4523 R,
2636 4451 2959 4514 subornari
2985 4459 3052 4513 ut
3079 4453 3448 4533 epkiqeniam
3474 4453 3608 4516 ua?

2570 4554 3082 4637 (aqamemnonem
3144 4564 3199 4619 et
3259 4557 3587 4621 meitelaum

2139 4679 2265 4723 om.
2310 4658 2474 4737 BT.)

2224 4766 2324 4827 17.
2373 4764 2530 4824 erint
2556 4780 2653 4846 pr.
2688 4763 2756 4825 P.
2805 4761 3011 4842 (erunt
3039 4764 3241 4827 omnia
3269 4765 3452 4829 uerba
3476 4764 3585 4846 B.)

2221 4868 2322 4931 18.
2370 4868 2742 4949 coinfirmatio
2783 4867 2886 4931 AF
2931 4873 2994 4931 et
3035 4886 3131 4953 pr.
3167 4870 3237 4932 P.
