4620 5864
988 576 1104 649 ,16

1084 777 1183 841 18.
1225 775 1583 839 uidebuntur
1621 777 1690 839 B.
1739 811 1822 824 —
1864 777 2205 840 necessitate
2244 778 2324 840 T.

1756 634 1763 639 .
1830 579 2036 644 VAR‘.
2080 577 2302 642 LECT.
2347 568 2453 643 Al)
2497 575 3130 642 RHETORICORUM

2525 784 2628 839 tur
2653 777 2726 847 B.
2761 804 2844 820 -
2885 769 3052 856 num]
3095 792 3296 841 unum
3313 790 3411 858 pr.
3442 776 3527 850 R,
3570 782 3778 838 utrum
3800 792 3972 838 corr.

1084 882 1183 943 19.
1224 898 1425 942 omnes
1492 888 1735 943 nostrae
1787 888 2000 962 partes
2052 882 2450 961 puryationee
2525 883 2600 944 R.
2638 914 2715 927 —-
2755 881 2986 962 sactum
3025 887 3155 940 tum
3195 879 3274 940 sit
3318 881 3387 942 T.

993 1001 1087 1068 pr.
1106 982 1198 1056 ’,Ρ
1263 992 1466 1046 ome
1534 992 1776 1047 nostrae
1813 985 2016 1066 partie
2056 985 2451 1065 purqationes

994 1104 1158 1150 corr.
1186 1087 1261 1158 P,
1301 1106 1502 1148 omnes
1522 1088 1590 1148 in
1611 1106 1738 1149 rem
1747 1089 1952 1168 partie
1963 1088 2358 1168 purqationee
2376 1089 2448 1162 A,

993 1201 1193 1257 ornnes
1234 1189 1344 1251 hae
1378 1208 1530 1254 urae
1555 1192 1762 1272 partie
1780 1192 2168 1273 puryatiouis
2202 1192 2250 1252 F
2263 1239 2280 1266 ,
2325 1211 2449 1254 om-

992 1313 1097 1357 ues
1134 1308 1232 1357 ree
1258 1302 1469 1375 partes
1508 1295 1903 1376 purqatiouis
1939 1313 2035 1379 pr.
2080 1296 2149 1358 T.
2168 1341 2185 1368 ,
2250 1308 2452 1357 omnes

992 1405 1117 1465 tres
1140 1398 1254 1461 hae
1273 1406 1489 1481 portet
1513 1400 1908 1481 purgationis
1937 1419 2104 1464 corr.
2143 1401 2215 1461 Τ.

986 1605 1113 1686 sere
1156 1625 1255 1671 ree
1283 1606 1522 1688 possint
1563 1609 1635 1675 Τ.
1663 1614 1667 1619 ’

991 1753 999 1762 -
1078 1712 1181 1774 21.
1224 1707 1446 1793 cautis]
1515 1728 1731 1774 causae
1780 1710 1859 1784 P,
1928 1729 2104 1773 cause
2161 1727 2329 1773 corr.
2376 1710 2449 1772 A.

931 1810 1335 1897 ·(Del..corr
1365 1815 1444 1888 P,
1490 1832 1616 1879 om.
1646 1816 1795 1879 Fet
1835 1833 1935 1900 pr
1965 1810 2178 1897 A.)-
2222 1833 2285 1875 ee
2323 1831 2447 1877 om

995 1919 1103 1983 FT
1139 1925 1204 1983 et
1240 1936 1342 2002 pr.
1386 1922 1459 1982 A.
1608 1970 1613 1977 .

1077 2023 1181 2090 22.
1226 2024 1599 2104 confiteretur
1654 2041 1753 2107 pr.
1815 2024 1883 2086 P.
1918 2055 2029 2081 .--
2095 2017 2444 2103 defensoris]

991 2124 1353 2207 deseruiones
1380 2145 1476 2211 pr.
1509 2128 1587 2200 P,
1630 2126 1988 2208 deseouionie
2035 2143 2200 2190 corr.
2228 2127 2309 2202 P,
2327 2126 2451 2189 de-
2526 2172 2530 2178 Δ

987 2231 1250 2311 semoris
1291 2231 1456 2293 locus
1496 2234 1569 2295 R.-
1634 2282 1637 2289 .

1075 2335 1183 2398 23.
1230 2334 1403 2401 rebus
1444 2353 1569 2401 om.
1614 2331 1711 2418 pr.
1754 2337 1823 2398 T.

1077 2440 1184 2502 24.
1231 2447 1286 2501 et
1332 2446 1464 2502 om.
1506 2439 1803 2526 PBFRT:
1843 2471 1918 2495 --
1950 2486 1953 2495 .
1984 2439 2054 2501 in
2105 2434 2209 2521 iis]
2269 2439 2341 2500 in
2380 2440 2450 2501 ea

991 2558 1089 2625 pr.
1128 2542 1209 2615 P,
1251 2543 1321 2606 in
1362 2544 1469 2605 eis
1486 2542 1585 2606 FT
1624 2549 1695 2606 et
1736 2561 1903 2608 corr.
1942 2544 2023 2616 P,
2068 2563 2140 2606 ea
2182 2541 2333 2626 (om.
2357 2539 2448 2625 in)

993 2646 1065 2709 Β.
1114 2677 1193 2692 -
1231 2646 1443 2728 fraudi
1485 2648 1557 2709 B.
1680 2696 1687 2705 .
1746 2698 1753 2705 .
1900 2694 1905 2697 .

1079 2751 1187 2811 26.
1233 2750 1613 2831 inprudentes
1653 2768 1750 2835 pr.
1791 2753 1856 2814 P.
1908 2783 1984 2805 -ψ-
1998 2692 2278 2833 fortuito
2322 2750 2393 2813 P.

1077 2855 1182 2917 27.
1215 2854 1653 2935 postulabimus
1693 2855 1863 2917 uobis
1904 2855 2026 2918 FR.

1078 2958 1184 3021 28.
1234 2957 1331 3020 his
1372 2957 1591 3021 PAFT.
1944 2989 1952 2998 ·

1077 3062 1185 3124 29.
1231 3062 1594 3142 supplicavit
1634 3061 1809 3124 PAF.

1006 3211 1009 3216 -
1044 3177 1047 3178 ’
1077 3166 1186 3230 30.
1233 3166 1500 3247 eritspee
1524 3168 1595 3229 T.
1610 3199 1690 3216 —-
1714 3167 1930 3286 sutura
1950 3167 2155 3232 BRRT-
2172 3171 2237 3230 et
2257 3185 2357 3252 pr.
2377 3166 2449 3234 A.

1077 3269 1182 3332 31.
1230 3269 1330 3331 ille
1372 3287 1497 3334 om.
1536 3273 1605 3336 T.
1677 3323 1685 3333 .

1075 3374 1182 3437 33.
1228 3369 1521 3458 iqnotum]
1570 3374 1967 3442 condonatum
2004 3317 2103 3443 R.

1078 3479 1180 3543 34.
1223 3478 1377 3540 nihil
1418 3479 1683 3560 periculi
1738 3477 2012 3562 (omissis
2048 3479 2122 3543 ab
2146 3484 2248 3558 eo)
2290 3480 2338 3545 F
2387 3486 2451 3544 et

990 3601 1086 3669 pr.
1117 3583 1203 3658 A,
1240 3582 1405 3648 nituit
1430 3583 1696 3664 periculi
1722 3583 1797 3646 ab
1832 3587 1986 3647 eoT
1991 3630 2008 3646 .
2270 3631 2279 3642 .

1076 3691 1180 3752 35.
1226 3687 1396 3750 nulla
1428 3707 1469 3750 a
1499 3686 1767 3765 (omisso
1796 3687 1930 3769 aut)
1965 3689 2134 3751 PFT.
2169 3720 2251 3733 ——
2294 3689 2451 3751 uiui-

989 3792 1111 3857 bus'
1136 3793 1364 3856 nostris
1398 3793 1482 3867 B,
1526 3795 1754 3856 nostrie
1780 3792 2051 3871 (omisso
2078 3793 2343 3872 ciuibus)
2373 3796 2441 3857 F.

1074 3898 1221 3980 Pag.
1248 3899 1353 3961 27.
1395 3917 1473 3962 v.
1491 3899 1549 3959 1.
1633 3906 1873 3961 utemur
1896 3900 1967 3962 F.
2009 3929 2087 3956 -1-
2130 3907 2185 3964 et
2213 3901 2447 3961 enume-

987 4003 1225 4065 ratione
1267 4020 1393 4066 om.
1423 4003 1492 4065 F.

1075 4107 1138 4169 2.
1186 4106 1338 4169 libro
1369 4106 1576 4187 primo
1621 4107 1790 4170 PBR

991 4311 1252 4399 (omisso
1291 4315 1517 4395 vel)R
1522 4358 1537 4374 .

1072 4422 1138 4482 4.
1182 4420 1321 4482 uisa
1363 4427 1448 4481 est
1488 4437 1609 4481 mm
1652 4422 1853 4483 T..—
1894 4419 1967 4482 ab
2008 4419 2083 4483 P.'
2120 4455 2127 4470 ·

1073 4524 1136 4587 5.
1184 4523 1463 4585 uolumus
1504 4526 1576 4586 B.
1837 4512 1845 4520 ’

1074 4628 1138 4690 8.
1186 4627 1417 4690 obsisti
1433 4628 1657 4690 PAFT.

1076 4732 1138 4800 9.
1183 4732 1483 4795 conueniet
1527 4733 1599 4797 R.

1079 4837 1179 4901 11.
1227 4837 1551 4900 disseretur
1590 4837 1743 4901 FRT
1796 4840 1860 4900 et
1900 4853 1996 4920 pr.
2038 4834 2129 4908 A,
2190 4853 2441 4918 quaere-

2614 986 2715 1048 12.
2757 985 2886 1066 sere
2927 984 3133 1046 omnia
3173 980 3446 1059 (omisso
3483 983 3571 1066 et)
3613 986 3687 1048 B.

2615 1091 2717 1151 16.
2766 1083 2952 1169 ipsas]
2989 1107 3108 1168 per
3148 1087 3332 1160 PAF,
3377 1104 3503 1161 om.
3535 1091 3605 1151 T.

2616 1194 2718 1257 18.
2765 1200 2850 1254 est
2891 1211 3037 1253 uero
3078 1193 3200 1254 BT.
3246 1233 3327 1245 -
3384 1191 3666 1272 expedire
3707 1198 3762 1253 et
3803 1209 3982 1271 eapo-

2527 1296 2648 1358 dite
2690 1297 2843 1369 AFT
2889 1302 2953 1358 et
2990 1313 3088 1379 pr.
3119 1296 3195 1367 P,
3240 1295 3509 1377 expedite
3550 1302 3608 1357 et
3632 1295 3888 1377 expolite
3907 1298 3979 1358 R.

2431 1444 2434 1451 -
2528 1399 2830 1481 (expolire
2857 1407 2913 1461 et
2941 1400 3209 1480 expedite
3238 1418 3406 1464 corr.
3428 1398 3531 1480 P.)
3597 1398 3602 1403 ’

1076 1503 1181 1570 20.
1225 1503 1457 1565 eaedem
1504 1521 1601 1565 res
1638 1504 1765 1585 sere
1795 1504 2033 1585 possint
2074 1508 2158 1577 A,
2223 1502 2453 1567 eaedem
2523 1554 2528 1557 .

2612 1506 2719 1567 20.
2769 1500 3005 1586 eisdem]
3052 1503 3280 1566 hisdem
3319 1506 3451 1577 AF,
3494 1503 3591 1566 bis
3632 1505 3705 1565 T.
3743 1537 3826 1549 —
3866 1502 3984 1564 im-

2526 1625 2836 1670 moremur
2874 1610 2948 1670 T.
3003 1639 3081 1654 —-
3146 1603 3348 1690 neque]
3416 1625 3521 1669 nee
3575 1604 3848 1669 PABFT.
3896 1638 3978 1651 -—

2527 1711 2727 1773 eadem
2767 1729 2934 1775 corr.
2977 1710 3047 1773 P.
3093 1742 3174 1756 -
3232 1710 3621 1773 reuoluamur
3660 1709 3981 1839 identidem

2526 1816 2660 1885 FR,
2706 1815 3090 1877 reuoluamus
3131 1814 3445 1877 identidem
3488 1817 3558 1877 Τ.

2611 1919 2716 1980 22.
2763 1919 2844 1981 ad
2893 1919 3085 1982 aliam
3135 1919 3338 1982 deinde
3379 1920 3510 1993 FR,
3579 1917 3849 2001 deinceps
3896 1916 3978 1981 ad

2524 2021 2713 2084 aliam
2756 2026 2827 2090 T.

2609 2126 2715 2188 23.
2763 2122 3016 2211 quoquo]
3053 2090 3306 2209 'quoque
3367 2127 3466 2190 FT
3510 2131 3723 2210 αρτ.
3768 2125 3846 2197 P,
3910 2125 3980 2191 in

2523 2248 2878 2313 unoquoquo
2932 2232 3017 2305 B,
3089 2232 3159 2293 in
3213 2250 3335 2294 uuo
3392 2249 3620 2313 quoque
3675 2232 3727 2294 R
3785 2234 3848 2292 ot
3887 2242 3976 2294 rc.

2389 2334 2395 2345 '
2526 2351 2693 2397 corr.
2722 2335 2793 2396 P.
2832 2374 2838 2383 ·

2606 2440 2714 2501 25.
2761 2446 2847 2500 est
2886 2438 3327 2520 aryumematio
3369 2437 3594 2502 PAFT.
3631 2437 3978 2519 (arqumen-
4115 2454 4119 2472 ·

2525 2543 2675 2605 tatio
2719 2560 2844 2606 om.
2883 2541 2985 2617 R.)
3951 2576 3956 2585 ·

2609 2647 2714 2711 26.
2752 2650 2978 2729 partes
3004 2645 3389 2708 distribuitur
3431 2648 3500 2713 Τ.

2608 2751 2715 2814 28.
2753 2745 3036 2833 probare]
3055 2749 3313 2831 probari
3334 2749 3468 2823 PB,
3503 2749 3724 2832 propri
3747 2745 3881 2833 (sic)
3901 2750 3969 2825 F,
3987 2785 3992 2789 ·

2523 2848 2831 2937 ἀίων-σι’.

2608 2959 2715 3022 29.
2766 2967 2848 3021 eet
2907 2980 3057 3042 quae
3107 2978 3357 3024 causam
3407 2959 3559 3022 dent.
3615 2975 3713 3043 pr.
3742 2956 3819 3031 P,
3873 2966 3977 3021 -est

2525 3081 2676 3142 quae
2700 3065 3056 3127 causadem.
3082 3082 3248 3132 corr.
3274 3064 3342 3127 P.
3373 3098 3453 3109 —
3496 3059 3581 3145 id]
3613 3064 3683 3124 in
3714 3081 3881 3130 corr.
3905 3062 3973 3123 P.

2530 3163 2827 3250 —quod]
2878 3165 3191 3232 Ultimam
3207 3165 3477 3232 litteram
3523 3169 3584 3230 in
3615 3185 3836 3231 rasura
3865 3167 3976 3230 ha-

2524 3270 2633 3333 het
2675 3270 3742 3334 P..

2609 3376 2714 3438 30.
2763 3373 3376 3457 arqunwmationibus
3420 3377 3490 3439 T.

2609 3480 2714 3543 32.
2762 3487 2817 3542 ee
2879 3480 3321 3561 locupletandae
3371 3480 3447 3545 R.
3516 3512 3599 3527 -
3663 3482 3977 3565 cmfimm-
4193 3495 4202 3506 ·

2524 3591 2617 3646 tae
2661 3586 2731 3647 T.

2610 3689 2714 3751 34.
2764 3684 2976 3772 iqitur]
3024 3707 3164 3771 erqo
3205 3688 3279 3752 B.

2606 3794 2712 3855 35.
2758 3794 3157 3855 tractauimue
3197 3794 3265 3857 P.

2609 3898 2713 3960 36.
2760 3898 2970 3960 aiacem
2997 3899 3066 3959 P.
3106 3931 3182 3948 --
3226 3896 3560 3982 inimicum]
3610 3899 3811 3962 Ratio.
3855 3898 3976 3961 ini-

2523 4001 2744 4064 micum
2774 4002 2893 4067 PR.
2979 4003 3136 4064 Nam
3197 4007 3367 4088 quod
3426 4001 3682 4068 exhibet
3738 4002 3975 4066 Trossii

2423 4113 2428 4116 '
2524 4100 2803 4176 collatio,
2846 4105 3069 4178 Recio,
3114 4103 3368 4170 videtur
3410 4105 3615 4172 errori
3652 4101 3890 4170 deberi.

1074 4212 1136 4274 3.
1185 4206 1358 4293 quod]
1407 4211 1694 4293 quoniam
1730 4227 1896 4275 corr.
1925 4209 1993 4275 P.
2027 4243 2103 4259 ——
2138 4218 2339 4292 potest
2367 4209 2447 4274 ad
2489 4253 2496 4270 .

2606 4211 2710 4272 37.
2758 4209 3056 4272 iniuriam
3098 4209 3197 4272 sed
3240 4230 3537 4274 summum
3577 4213 3752 4276 AFT.

2605 4316 2711 4378 38.
2760 4315 3051 4377 iucotume
3093 4315 3199 4377 illo
3241 4318 3314 4379 R.
3358 4348 3437 4363 -
3485 4336 3548 4378 ee
3590 4334 3716 4380 om.
3747 4316 3819 4378 T.
4055 4371 4060 4392 ,

2605 4419 2709 4482 39.
2750 4426 3033 4502 potuerat
3063 4419 3213 4482 PBR
3229 4462 3247 4497 ‚
3284 4421 3507 4500 poterit
3546 4437 3644 4504 pr.
3673 4418 3745 4481 A.
3792 4414 3976 4499 (pote-

2520 4530 2621 4584 rat
2662 4541 2831 4585 corr.
2887 4518 2994 4599 A.)
3055 4555 3132 4568 —
3191 4523 3430 4585 iniuria
3471 4522 3684 4603 quavis
3724 4521 3974 4585 inimico

2519 4626 2753 4698 PAFR,
2797 4627 3045 4688 inimico
3079 4627 3317 4689 iniuria
3359 4627 3577 4709 quouis
3612 4626 3693 4702 B,
3737 4626 3974 4691 iniuria

2518 4731 2796 4811 quamuis
2843 4731 3088 4792 inimico
3132 4734 3204 4793 T.

2601 4835 2705 4898 39.
2748 4834 3068 4916 palemedis
3111 4836 3179 4899 Τ.
