4620 5864
983 628 1087 697 48

1034 826 1126 919 ⁷7·
1171 820 1318 906 Alii]
1363 825 1468 887 Illi
1499 827 1566 892 Β.
1589 859 1671 870 -
1695 825 1948 906 fortuna
1984 823 2143 887 dedit
2178 821 2438 905 felicita-

982 935 1097 990 tem
1142 927 1366 1001 PAFT,
1406 928 1750 1010 felicitatem
1764 929 2016 1010 fortuna
2043 927 2198 990 dedit
2227 929 2352 991 BR.

1067 1033 1129 1095 9.
1180 1032 1326 1094 solet
1369 1029 1817 1113 (superscripto
1842 1041 2032 1113 potest
2059 1032 2278 1095 eadem
2307 1051 2440 1093 ma-

984 1133 1089 1216 nu)
1106 1137 1177 1196 T.
1197 1136 1463 1216 ——plene
1484 1138 1553 1198 T.
1579 1170 1663 1183 —
1687 1155 1975 1198 numerus
2002 1138 2083 1198 sit
2101 1135 2432 1197 PABFRT.

1073 1240 1167 1302 10.
1214 1239 1409 1301 altera
1444 1240 1625 1302 etiam
1659 1241 1778 1302 FT.
1830 1273 1907 1287 —
1953 1247 2038 1302 eet
2078 1258 2204 1301 om.
2247 1240 2321 1301 T.
2354 1265 2444 1285 —,

982 1340 1359 1426 alternarum]
1387 1344 1643 1406 altewm
1680 1344 1852 1417 PAR,
1883 1343 2111 1406 alteria:
2141 1338 2269 1424 (sic)
2295 1342 2366 1405 F.

1070 1447 1172 1508 12.
1220 1455 1327 1509 aut
1355 1448 1663 1527 plenitudo
1705 1465 1834 1511 om.
1861 1448 1927 1509 F.

1070 1550 1169 1612 14.
1213 1546 1432 1633 eadem]
1468 1571 1538 1613 ea
1566 1552 1659 1613 PF
1696 1557 1760 1613 et
1789 1571 1886 1631 pr.
1919 1552 1994 1612 A.

1071 1655 1169 1721 15.
1215 1653 1440 1717 hisdem
1482 1654 1654 1727 PAB,
1699 1655 1883 1717 isdem
1927 1655 2048 1715 FT.
2258 1684 2263 1689 ·

1071 1758 1170 1823 16.
1214 1757 1539 1839 efferantur
1574 1754 1695 1821 ΡΒ.
1734 1792 1818 1804 -
1855 1753 2088 1839 laudas]
2126 1757 2362 1819 laudem
2392 1760 2438 1821 P

983 1867 1047 1923 et
1087 1878 1199 1943 pr.
1222 1861 1310 1933 A,
1355 1860 1602 1923 laudare
1644 1863 1717 1924 B.
1764 1857 2007 1941 (laudae
2034 1879 2200 1925 corr.
2222 1860 2440 1937 A.)—

985 1959 1261 2045 eqentem]
1297 1972 1352 2027 et
1375 1972 1603 2045 qentem
1633 1965 1704 2026 Β.
1743 1998 1822 2011 -—
1853 1964 2285 2027 habundantem
2308 1965 2434 2038 AB,

984 2067 1287 2129 habentem
1328 2068 1395 2132 F.

1036 2172 1171 2234 ·17.
1218 2168 1424 2254 Cuius]
1472 2172 1635 2234 Huic
1662 2172 1887 2247 ΡΑΒΒ,
1913 2168 2254 2254 huinu(sic)
2278 2172 2349 2235 F.
2355 2203 2439 2216 —

985 2276 1114 2338 eius
1155 2294 1281 2339 om.
1318 2276 1591 2343 PAFRT.

1067 2379 1174 2440 21.
1222 2380 1291 2441 in
1331 2397 1461 2442 om.
1507 2381 1633 2442 BR.
1661 2376 1961 2464 -.paeto]
2007 2381 2179 2445 modo
2226 2383 2294 2446 T.

1068 2483 1173 2545 22.
1218 2479 1435 2565 studes]
1483 2484 1666 2546 audes
1707 2487 1780 2547 T.

1071 2587 1176 2648 23.
1224 2586 1535 2650 audaciter
1560 2589 1663 2649 AF
1687 2594 1751 2651 et.
1774 2609 1872 2671 pr.
1899 2589 1970 2651 P.

1070 2691 1175 2752 24.
1219 2690 1391 2752 exitu
1419 2691 1750 2754 PABFRT.
1777 2724 1861 2738 —
1890 2693 1959 2754 in
1984 2710 2131 2755 casu
2162 2692 2443 2755 similiter

986 2800 1268 2855 uersatur
1307 2793 1581 2858 PAFRT.

1060 2897 1167 2960 25.
1215 2905 1270 2960 et
1314 2919 1383 2962 ea
1425 2917 1521 2962 ree
1563 2900 1668 2982 qui
1708 2900 1807 2989 αἱς
1833 2900 1972 2963 bene
2006 2920 2102 2983 pr.
2145 2900 2213 2975 P,
2261 2906 2316 2963 et
2343 2918 2443 2963 eas

987 3018 1086 3064 res
1125 3003 1230 3083 qui
1271 3001 1408 3065 bene
1450 3023 1616 3067 corr.
1663 3004 1729 3076 P,
1773 3012 1829 3066 et
1856 3024 1926 3066 ea
1953 3023 2019 3066 re
2046 3004 2151 3087 qui
2177 3005 2274 3067 his
2306 3005 2443 3067 bene

988 3105 1164 3176 BRT,
1211 3114 1264 3168 et
1304 3125 1409 3168 eae
1447 3123 1547 3169 res
1589 3108 1693 3189 qui
1734 3107 1830 3169 his
1871 3108 2008 3171 bene
2048 3108 2118 3171 F.

1004 3219 1177 3282 2··6.
1225 3218 1466 3282 simiel.
1515 3265 1532 3282 .
1581 3220 1891 3283 conlocant
1943 3220 2012 3283 P.
2074 3243 2159 3257 -·
2217 3221 2444 3284 hisdem

987 3320 1160 3408 PAT,
1205 3323 1521 3400 eiedemB,
1564 3324 1749 3388 isdem
1790 3326 1858 3388 F.
1905 3320 2222 3408 -paeto]
2269 3326 2442 3412 modo

987 3401 1317 3489 PABFRT.
1490 3447 1497 3456 ·
1530 3439 1535 3448 ·

1071 3531 1177 3598 27.
1222 3532 1423 3594 oratio
1466 3552 1564 3614 pr.
1614 3534 1687 3595 T.

1069 3635 1176 3697 29.
1223 3635 1304 3697 ad
1344 3632 1543 3719 casus]
1585 3637 1682 3698 uel
1724 3656 1898 3700 casus
1944 3638 2014 3702 F.

1072 3739 1178 3802 31.
1225 3737 1546 3802 Adnotatio
1572 3739 1675 3803 FT
1719 3747 1783 3804 et
1823 3760 1922 3828 pr.
1957 3743 2032 3806 A.
2065 3774 2140 3789 —
2171 3741 2251 3860 ad
2286 3740 2443 3804 idem

989 3848 1132 3906 ante
1175 3861 1389 3906 nomen
1429 3861 1553 3908 om.
1600 3843 1823 3909 PBFR.

1032 3955 1176 4021 32.
1224 3957 1685 4020 cummutatione'
1708 3957 1805 4020 uel
1829 3960 2009 4021 unius
2036 3978 2130 4045 pr.
2158 3958 2241 4033 P,
2284 3955 2444 4024 com-

986 4031 1315 4123 mutatione
1369 4061 1465 4122 uel
1505 4060 1806 4124 additione
1845 4064 2027 4125 unius
2069 4067 2119 4128 T
2162 4073 2224 4129 et
2268 4085 2436 4128 corr.

991 4166 1134 4228 ead.
1168 4185 1254 4227 m.
1288 4162 1359 4225 Ρ.
1388 4197 1470 4210 -
1501 4163 1708 4227 literae
1739 4184 1866 4229 om.
1900 4166 1971 4229 P.
1997 4168 2443 4231 —litterarum

990 4264 1438 4352 (superscripto
1479 4269 1864 4351 sillabarum)
1912 4272 1988 4334 A.
2038 4305 2114 4319 —
2145 4280 2211 4334 ut
2240 4272 2320 4333 ad
2348 4290 2444 4334 ree

1099 4373 1609 4486 -accomodentur
1637 4374 1707 4436 Β.

1075 4534 1225 4616 Pag.
1257 4536 1363 4597 76.
1414 4553 1474 4598 v.
1513 4537 1572 4597 1.
1660 4529 2096 4618 Attenuatione]
2143 4541 2249 4598 aut
2297 4541 2447 4598 atte—

988 4639 1273 4700 nuatione
1313 4639 1387 4700 B.

1084 4753 1143 4813 1.
1189 4745 1467 4832 eiusdem]
1511 4751 1694 4814 unius
1735 4752 1808 4813 T.

1079 4864 1143 4927 2.
1190 4863 1523 4945 ’,ιορωμαι
1568 4864 1754 4929 tactas
1798 4864 1866 4941 F,
1908 4865 2099 4930 taceae
2137 4867 2446 4948 mammae

1729 658 1735 664 ·
1834 626 2018 690 VAR.
2067 624 2290 690 LECT.
2335 624 2441 687 AD
2485 617 3117 695 RHETORIC'ORUM

2512 821 2839 885 T.—uenit
2866 822 2947 884 ad
2972 830 3027 885 te
3055 839 3236 903 quam
3262 838 3498 885 romam
3522 824 3690 886 uenit
3715 825 3780 897 P,
3804 826 3968 887 uenit

2512 926 2591 988 ad
2612 935 2666 988 te
2687 934 2823 988 ante
2847 945 3027 1007 quam
3045 945 3279 988 romam
3292 929 3455 988 uenit
3475 946 3638 991 θοι-ι.
3668 927 3735 999 P,
3765 929 3969 990 ueniat

2512 1029 2591 1091 ad
2618 1037 2672 1092 te
2701 1038 3016 1112 antequam
3043 1048 3279 1092 romam
3306 1031 3469 1092 uenit
3489 1033 3540 1093 A
3559 1078 3577 1106 ,
3622 1051 3662 1094 a
3700 1039 3755 1094 te
3779 1032 3968 1092 ueniit

2512 1141 2830 1215 antequam
2870 1152 3104 1196 romam
3137 1135 3301 1196 uenit
3340 1124 3466 1216 mg.
3515 1135 3588 1206 A,
3634 1137 3796 1198 uenit
3824 1155 3864 1195 a
3892 1143 3965 1196 te.

2512 1245 2648 1297 ante
2676 1255 2856 1318 quam
2876 1257 3110 1300 romam
3140 1239 3305 1300 uenit
3336 1242 3403 1310 B,
3433 1240 3638 1301 uenita
3658 1239 3738 1301 ad
3757 1248 3812 1301 te
3832 1247 3968 1299 ante

2512 1359 2692 1421 quam
2734 1360 2968 1406 romam
3008 1343 3213 1404 uenita
3256 1359 3351 1425 pr.
3401 1343 3450 1405 F
3473 1388 3490 1415 ,
3554 1344 3758 1404 ueniat
3796 1343 3875 1403 ad
3913 1350 3968 1403 te

2393 1476 2396 1479 ¹
2513 1452 2831 1525 antequam
2874 1465 3109 1509 romam
3138 1436 3342 1508 ueniat
3372 1447 3423 1508 T
3453 1453 3516 1508 et
3544 1464 3712 1510 corr.
3747 1448 3824 1518 F,
3868 1466 3970 1507 ue-

2513 1548 2630 1608 niit
2656 1557 2792 1615 ante
2832 1549 2912 1611 ad
2952 1558 3006 1611 te
3048 1547 3112 1631 (a
3151 1558 3205 1612 te
3244 1558 3381 1611 ante
3413 1551 3618 1630 corr.)
3660 1569 3841 1632 quam
3868 1569 3970 1612 ro-

2513 1669 2676 1712 mam
2703 1653 2867 1713 uenit
2909 1656 2982 1717 R.
3046 1654 3331 1715 Delenda
3363 1655 3657 1717 videntur
3692 1655 3886 1716 verba
3930 1674 3970 1716 a

2513 1760 2567 1815 te
2597 1754 2700 1816 vel
2735 1755 2814 1817 ad
2840 1764 2929 1828 te,
2973 1763 3111 1819 orta
3155 1754 3261 1819 ina
3305 1777 3383 1820 ex
3420 1757 3828 1838 corruptione
3861 1759 3972 1821 ad·

2514 1855 2719 1919 verbii
2768 1866 2923 1919 ante.

2598 1962 2659 2023 3.
2707 1961 2819 2022 Ea:
2858 1958 3192 2044 contrario]
3245 1971 3300 2025 et
3339 1965 3618 2026 extrario
3660 1982 3756 2048 pr.
3805 1967 3869 2036 P,
3917 1972 3972 2027 et

2513 2082 2592 2123 ex
2618 2065 2928 2126 contrario
2963 2085 3128 2127 corr.
3164 2066 3230 2138 P,
3275 2074 3331 2128 et
3372 2087 3402 2129 e
3444 2070 3753 2130 contrario
3782 2072 3854 2132 Β.
3888 2101 3970 2114 -

2513 2168 2602 2228 sie
2629 2185 2757 2230 om.
2802 2169 3074 2232 PABFT.
3112 2171 3354 2232 —Hic
3396 2188 3521 2233 om.
3553 2172 3628 2233 Β.

2597 2274 2660 2335 4.
2714 2272 3119 2353 statim-ferro
3163 2275 3234 2336 Β.
3282 2307 3365 2319 -
3414 2270 3833 2356 Productione]
3859 2294 3974 2355 per

2505 2375 2958 2455 productionem
2986 2376 3052 2438 P.
3106 2410 3183 2422 —
3238 2377 3449 2439 literae
3491 2394 3618 2440 om.
3653 2378 3724 2440 F.
3754 2410 3829 2422 —
3863 2378 3975 2440 hoe

2514 2478 2687 2541 modo
2711 2500 2788 2525 -*·
2818 2512 2849 2524 -
2873 2479 2983 2541 hoe
3022 2480 3195 2542 modo
3231 2498 3359 2542 om.
3407 2480 3630 2544 PAFT.

2601 2584 2664 2645 5.
2711 2583 2792 2644 ad
2832 2578 3055 2664 avium]
3103 2583 3184 2645 ad
3222 2584 3546 2665 dampnum
3587 2585 3687 2646 13.-

2600 2686 2662 2747 6.
2712 2705 2836 2749 esee
2865 2705 2992 2749 om.
3022 2689 3091 2750 F.
3125 2695 3458 2750 —tantum
3480 2707 3603 2750 non
3629 2689 3806 2753 PRT.
3885 2726 3888 2729 ·

2589 2792 2663 2851 ’7.
2712 2785 2983 2871 Curiam]
3018 2789 3255 2851 curiam
3280 2792 3650 2854 meretrice-m
3678 2792 3902 2854 PAFT.

2601 2893 2664 2956 8.
2711 2892 3006 2956 demendis
3045 2911 3205 2957 nunc
3245 2894 3464 2957 litteris
3494 2898 3541 2959 B
3571 2901 3636 2957 et
3664 2912 3757 2979 pr.
3794 2896 3858 2960 P.

2601 2998 2665 3058 9.
2713 2997 2803 3058 sic
2844 2998 3037 3059 leones
3079 3014 3172 3081 pr.
3218 2999 3298 3073 P,
3357 2999 3446 3060 sic
3487 2999 3542 3060 si
3583 2998 3857 3061 lectiones
3897 3000 3968 3060 F.

2516 3099 2636 3178 (sic
2663 3101 2720 3161 si
2747 3101 2981 3164 lenones
3009 3120 3172 3164 corr.
3203 3101 3312 3179 P.)
3333 3134 3417 3148 —
3450 3103 3693 3165 vitasset
3713 3119 3856 3165 -οιιι,
3897 3103 3969 3165 P.

2517 3212 2935 3286 —tamquam
2976 3206 3167 3268 leones
3209 3222 3356 3269 om.-
3351 3205 3522 3269 -PFT
3554 3213 3619 3268 et
3660 3226 3758 3287 pr
3793 3207 3867 3268 Α.
3891 3240 3965 3253 —-

2515 3308 2834 3371 tradidisse
2882 3328 2944 3371 se
2992 3329 3090 3392 pr.
3139 3309 3221 3384 P,
3286 3310 3629 3373 tradidisset
3669 3330 3731 3373 se
3767 3309 3870 3374 ΒΒ
3911 3313 3977 3373 et

2518 3430 2684 3475 corr.
2732 3413 2802 3475 P.

2606 3517 2706 3614 10.
2752 3511 2934 3599 nouo]
2981 3517 3165 3599 qiauo
3208 3518 3283 3580 T.
3310 3535 3836 3584 -anvanoom
3876 3517 3976 3581 PF.

2516 3628 2580 3683 et
2617 3638 2716 3704 pr.
2764 3621 2839 3684 A.
3971 3645 3974 3652 ’

2605 3725 2706 3788 11.
2754 3726 2902 3786 Item
2924 3742 3052 3789 om.
3081 3725 3254 3788 FRT.
3280 3653 3585 3791 —Nolo-

2521 3845 2647 3890 om.
2692 3827 2872 3901 PFT,
2920 3836 3064 3890 ante
3119 3828 3309 3891 Videte
3350 3830 3532 3911 ponit
3573 3833 3686 3894 Β.

2608 3931 2710 3994 12.
2756 3931 3003 4014 diliqere
3049 3940 3284 4012 oportet
3327 3951 3497 4014 quem
3536 3936 3688 3997 uelis
3693 3855 3977 4016 diliqere

2520 4055 2619 4115 pr.
2653 4034 2720 4107 P,
2763 4036 3012 4116 diliqere
3047 4044 3279 4116 oportet
3314 4055 3355 4098 a
3395 4056 3513 4119 quo
3545 4039 3692 4100 uelis
3727 4038 3974 4121 ditiqier

2519 4138 2622 4199 AF
2666 4143 2730 4200 et
2772 4156 2936 4202 corr.
2972 4137 3038 4212 P,
3083 4139 3333 4220 deliqere
3371 4149 3601 4221 oportet
3629 4157 3799 4222 quem
3830 4143 3975 4204 uelit

2519 4242 2766 4322 diliqere
2786 4245 2855 4313 B,
2883 4242 3135 4323 deliqere
3166 4251 3395 4323 oportet
3419 4264 3462 4306 a
3488 4264 3605 4326 quo
3631 4245 3782 4307 uelis·
3798 4245 3976 4325 diliqi

2521 4345 2596 4406 R.
2686 4343 2990 4429 (Deliqere
3045 4355 3274 4429 oportet
3329 4366 3518 4494 quem
3537 4348 3690 4410 uelis
3727 4346 3975 4496 diliqere

2523 4469 2651 4531 mg.
2698 4449 2814 4530 A.)
3195 4485 3196 4488 κ
3633 4483 3638 4496 »

2610 4555 2711 4616 13.
2757 4552 3335 4616 αάηοεαίἰοπεεσιιηε
3373 4554 3420 4616 F
3459 4559 3523 4616 et
3558 4571 3657 4633 pr.
3700 4554 3790 4628 A,
3836 4562 3974 4617 emit

2523 4656 3037 4719 adnominationee
3089 4660 3171 4731 Β,
3235 4656 3668 4719 admonitiones
3711 4668 3851 4722 emt
3898 4662 3968 4724 T.

2525 4756 3071 4847 (annominaeionee
3104 4779 3272 4823 corr.
3308 4761 3412 4840 A.)
3795 4803 3806 4814 -

2613 4866 2712 4934 14.
2756 4859 3169 4947 translatione]
3192 4864 3611 4932 transiectione
3631 4865 3905 4933 PAFRT.
3967 4901 3974 4914 ι

3601 3726 3976 3852 adulator
