4620 5864
1403 647 1509 711 An
1553 645 1903 711 HERENN.
1948 645 2099 710 LIB.
2143 646 2221 710 11.
2308 645 2476 712 CAP.
2529 642 2818 709 16—21.
3485 641 3588 713 17

688 843 833 925 Peg.
860 842 967 908 28.
1007 861 1072 908 v.
1106 845 1174 907 2.
1264 849 1319 906 et
1360 861 1486 908 om.
1515 844 1585 913 P.
2216 843 2362 927 Pag.
2396 845 2501 908 29.
2548 863 2608 907 v.
2645 844 2703 908 1.
2791 861 2914 906 non
2957 861 3081 907 om.
3126 843 3199 905 B.

690 949 754 1011 3.
802 944 1006 1030 qiman]
1044 948 1150 1030 qui
1177 951 1250 1016 R.
1281 984 1354 997 --·
1405 949 1648 1012 minora
1665 950 1737 1013 T.
1772 982 1854 997 -
1898 944 2052 1031 cum]
2217 950 2282 1011 2.
2330 948 2505 1030 affert
2543 951 2614 1016 R.
2662 979 2741 994 —-
2785 948 2944 1011 Nam
2980 948 3209 1010 euitare
3244 965 3340 1031 pr.
3369 946 3438 1010 P.

605 1050 674 1114 de
717 1068 883 1116 corr.
916 1049 1052 1116 ead.
1095 1072 1177 1116 m.
1212 1054 1284 1116 Β.
2219 1053 2281 1115 3.
2330 1048 2604 1134 vitatmn]
2652 1053 2785 1114 uita
2813 1097 2830 1114 .
2868 1097 2885 1114 .
2922 1059 3047 1113 tam
3075 1069 3172 1135 ρι’.
3203 1052 3272 1118 P.
3303 1086 3385 1099 -
3429 1069 3616 1112 com-·

689 1157 753 1219 4.
796 1156 1129 1237 suscipiant
1168 1156 1341 1222 AFT.
1403 1190 1482 1206 -—
1538 1157 1651 1221 illa
1692 1177 1817 1223 om.
1861 1160 1934 1222 Β.
1979 1184 2057 1198 --
2134 1152 2323 1238 mode]
2392 1174 2756 1219 commonere
2812 1174 2912 1241 pr.
2969 1155 3014 1217 P
3036 1201 3053 1230 ,
3126 1142 3500 1218 commonere
3543 1159 3598 1217 et

608 1266 746 1322 sumt
786 1260 1064 1323 maxima
1107 1260 1177 1323 B.
1902 1254 1907 1259 ’
2137 1278 2306 1323 corr.
2357 1260 2427 1322 P.

692 1365 751 1426 6.
796 1364 1169 1444 conpluresse
1196 1364 1410 1428 scelere
1445 1384 1508 1428 se
1548 1382 1646 1448 ρι’.
1676 1364 1723 1425 P
1739 1410 1756 1437 ,
1802 1361 2064 1443 complu·
2220 1364 2278 1428 4.
2315 1364 2478 1444 perf.
2512 1371 2566 1426 et
2587 1363 2834 1445 plenam
2862 1356 3225 1425 ostendimus
3258 1361 3325 1425 F.

608 1486 708 1529 res
748 1487 809 1529 se
842 1468 1055 1530 scelere
1085 1470 1185 1532 FT
1223 1475 1288 1533 et
1330 1487 1498 1534 corr.
1522 1468 1614 1532 .P.
1648 1498 1732 1515 --
1776 1455 2064 1531 contami-
2223 1468 2285 1529 6.
2336 1475 2474 1528 sunt
2525 1468 2749 1533 PFRT.
2808 1500 2891 1515 ·-
2935 1467 3219 1530 recedere.
3268 1486 3342 1529 ac
3377 1463 3599 1529 aduer-

607 1578 836 1635 narunt
881 1571 1159 1637 PAFRT.
2137 1571 2450 1634 sariorum
2497 1572 2596 1634 PT
2613 1614 2632 1648 ,
2692 1572 3035 1637 recedamus
3077 1590 3152 1635 ac
3209 1570 3598 1634 aduersario·

694 1677 757 1738 8.
802 1675 1053 1737 uidetur
1087 1678 1158 1741 T.
2139 1692 2278 1738 rum
2325 1675 2398 1737 B.

696 1780 799 1842 10.
848 1780 1178 1843 excitatum
1218 1779 1267 1843 B
1311 1783 1376 1843 et
1417 1796 1583 1845 corr.
1613 1781 1684 1846 Τ.
2224 1780 2287 1843 8.
2330 1786 2506 1860 parte
2549 1796 2673 1842 om.
2704 1781 2778 1843 Β.

699 1884 800 1945 11.
847 1883 1094 1945 timidus
1136 1902 1262 1950 om.
1303 1886 1353 1948 F
1396 1890 1458 1947 et
1500 1901 1597 1969 pr.
1625 1884 1701 1951 A.
2225 1884 2287 1946 9.
2336 1884 2540 1964 aliquo
2584 1881 2705 1947 AF.
2750 1918 2828 1930 —
2875 1902 2917 1945 a
2959 1900 3084 1949 om.
3111 1882 3180 1946 F.

697 1988 798 2050 12.
847 2003 969 2051 esse
1010 2006 1139 2052 om.
1175 1990 1247 2051 B.
2229 1987 2327 2050 11.
2368 1981 2623 2070 malum]
2661 2032 2678 2049 .
2716 2031 2733 2049 .
2765 1994 2933 2053 ntam
2964 1987 3037 2051 P.
3075 2021 3158 2034 —
3191 1981 3444 2071 parare]
3475 1984 3594 2051 sibi

698 2087 967 2173 12.·cui]
1015 2091 1121 2173 qui
1166 2092 1284 2158 PF.
2131 2109 2363 2172 parare
2407 2094 2480 2159 R.

695 2196 796 2258 14.
846 2203 931 2258 est
972 2212 1099 2260 om.
1132 2195 1203 2259 B.
2230 2197 2332 2260 12.
2381 2194 2487 2276 qui
2528 2193 2754 2257 PABF.

693 2300 792 2364 17.
834 2307 889 2364 et
900 2317 1017 2381 per
1042 2319 1104 2362 se
1126 2316 1392 2363 mmmas
1412 2315 1508 2383 ρι’.
1541 2298 1587 2362 P
1607 2344 1625 2369 .
1669 2302 1726 2360 et
1757 2310 2067 2379 pessumas
2229 2301 2331 2363 13.
2378 2317 2655 2361 curemus
2697 2299 2865 2366 PAF.

608 2419 775 2467 conr.
810 2402 891 2478 P,
935 2422 1064 2468 om.
1100 2405 1171 2465 Τ.
2232 2405 2331 2467 17.
2373 2397 2578 2484 neque]
2626 2422 2807 2484 aeque
2848 2404 2916 2465 P.

698 2507 804 2572 20.
851 2514 936 2570 est
978 2524 1106 2572 om.
1148 2524 1247 2592 ρι’.
1290 2507 1367 2571 A.
2227 2508 2344 2570 2οῒ
2376 2506 2630 2587 affertur
2665 2506 2746 2578 P,
2790 2506 2990 2587 differt
3031 2510 3085 2571 R
3123 2513 3186 2572 et
3229 2525 3354 2593 mg.
3405 2508 3474 2573 P.
3518 2539 3602 2556 —-

691 2612 796 2674 22.
844 2629 914 2673 ea
956 2630 1083 2675 om.
1127 2613 1201 2675 Β.
2145 2610 2207 2671 id
2236 2605 2395 2691 fieri]
2440 2610 2576 2689 fieri
2615 2609 2680 2670 id
2717 2612 2787 2673 T.
2834 2643 2910 2658 --
2971 2611 3294 2692 aliquando
3327 2608 3486 2695 fieri]
3537 2611 3603 2679 id

691 2716 798 2778 23.
844 2714 959 2777 uti.
1030 2723 1115 2777 est
1172 2733 1309 2778 cum
1374 2713 1757 2795 amplexione
1805 2706 2068 2794 (omisso
2136 2713 2275 2795 fieri
2295 2712 2620 2794 aliquando
2643 2716 2814 2780 R.—
2829 2716 3197 2794 possemodo
3215 2717 3355 2796 fieri
3376 2716 3602 2780 PAFR.

609 2819 800 2901 enim)
840 2837 940 2903 pr.
980 2819 1061 2892 P,
1104 2818 1221 2882 uti.
1262 2826 1390 2880 tum
1421 2817 1830 2899 complexione
1870 2815 1971 2878 AF
2008 2817 2070 2875 et
2228 2817 2332 2880 21.
2377 2834 2476 2879 res
2511 2835 2711 2880 omnes
2752 2820 2824 2881 R.
2856 2847 2940 2861 —
2981 2819 3348 2883 ostendemus
3373 2820 3599 2884 PAFT.

520 2912 531 2919 ’
610 2942 777 2990 corr.
816 2922 863 2986 P
883 2971 900 2998 ‚
942 2923 1055 2987 uti.
1092 2920 1193 2988 sed
1222 2929 1351 2986 tum
1389 2921 1798 3003 complexione
1833 2921 1912 2992 B,
1955 2918 2068 2983 uti.
2229 2921 2335 2986 23.
2386 2941 2508 2986 esse
2550 2929 2782 2987 constat
2822 2924 2946 2989 ΒΤ.

611 3036 696 3092 est
746 3029 905 3092 enim
964 3047 1101 3092 cum
1157 3028 1564 3110 complexione
1612 3028 1697 3099 R,
1763 3024 1877 3092 uti,
1923 3024 2069 3105 quia
2229 3026 2337 3092 24.
2385 3027 2461 3089 ab
2504 3044 2632 3091 om.
2678 3029 2751 3092 T.

613 3140 742 3195 tum
783 3133 1191 3214 complexione
1234 3134 1305 3197 T.
1418 3161 1427 3164 ·
2227 3130 2334 3192 25.
2377 3125 2622 3212 fecerat]
2666 3131 2923 3212 faciebat
2958 3131 3288 3197 PABFRT.
3338 3161 3418 3178 -·
3461 3127 3591 3218 illo]
3624 3186 3634 3196 .

695 3238 801 3300 24.
849 3237 1091 3302 Masius
1120 3238 1168 3299 P
1207 3243 1270 3302 et
1305 3251 1471 3304 corr.
1504 3237 1592 3314 Α,
1636 3236 1880 3303 breuior
1901 3235 2065 3302 F.-
2146 3234 2213 3296 in
2270 3232 2376 3296 illo
2432 3233 2706 3303 PABFT.
2771 3270 2856 3283 -
2918 3237 3045 3300 uisi
3095 3255 3403 3320 nunquam
3459 3246 3599 3301 stant

611 3336 718 3423 est]
761 3349 845 3404 est
886 3340 1134 3404 dicenda
1176 3361 1342 3411 corr.
1376 3345 1451 3407 A.
1497 3373 1578 3387 -
1624 3337 1772 3424 tum]
1808 3348 1894 3407 est
1934 3355 2072 3403 cum
2144 3340 2325 3413 PFT,
2369 3355 2677 3421 nunquam
2706 3348 2845 3403 sunt
2873 3338 3142 3419 (omisso
3165 3340 3322 3422 uisi)
3353 3343 3442 3416 A.
3480 3342 3607 3404 uisi

612 3448 666 3509 R
707 3451 770 3508 et
810 3463 909 3530 pr.
956 3444 1024 3514 Ρ.
1456 3501 1461 3504 ,
2143 3462 2440 3525 nusquam
2480 3452 2620 3506 sunt
2661 3445 2742 3518 B,
2784 3445 2908 3507 uisi
2949 3454 3090 3508 sum
3128 3465 3437 3529 nimquam
3477 3448 3554 3510 Β.

694 3549 798 3612 26.
844 3568 965 3612 esse
995 3547 1237 3613 uidetur
1285 3551 1407 3617 FT.
1450 3583 1533 3597 —-
1576 3556 1632 3615 et
1680 3554 1827 3614 ante
1876 3548 2071 3612 brevis
2229 3549 2333 3613 26.
2376 3542 2641 3629 habebat]
2688 3546 2896 3611 habuit
2935 3551 3012 3613 Β.

611 3672 737 3718 om.
781 3657 854 3719 R.
896 3686 980 3699 —
1044 3655 1236 3717 tenuis
1293 3662 1347 3717 et
1405 3655 1653 3717 humilis
1699 3654 1815 3717 erit
1863 3656 1935 3719 T.
1983 3684 2067 3698 —
2230 3653 2337 3715 27.
2385 3659 2471 3715 est
2512 3670 2639 3716 om.
2681 3652 2752 3717 F.
2784 3687 2869 3700 -
2912 3649 3218 3736 quoniam]
3250 3654 3596 3737 quodPBR.

609 3766 743 3822 tum
764 3760 1157 3824 exornatione
1184 3754 1450 3840 (omisso
1490 3756 1567 3841 et)
1601 3760 1728 3823 ΒΤ.
2230 3757 2337 3819 29.
2371 3764 2689 3837 praeterea
2725 3751 2926 3840 quam]
2965 3767 3212 3839 praeter
3240 3778 3338 3822 eos
3366 3776 3514 3842 quos
3532 3760 3603 3834 P,

697 3865 802 3927 30.
850 3865 1327 3945 quinquepertita
1351 3895 1383 3911 -
1405 3863 1770 3944 -tripertita
1795 3894 1827 3910 -
1852 3893 1885 3909 -
1921 3880 2072 3945 qua-
2138 3866 2386 3942 praeter
2426 3878 2525 3923 eos
2567 3875 2748 3942 quam
2790 3862 2997 3927 AFRT
3011 3907 3028 3936 ,
3063 3871 3384 3944 praeterea
3423 3881 3605 3946 quam

612 3964 932 4054 dripertita
971 3967 1092 4034 PT.
2149 3985 2296 4046 quos
2323 3966 2392 4029 B.
2425 3992 2506 4007 -
2550 3960 2801 4047 dixerit]
2851 3965 3151 4049 colleqerit
3191 3968 3318 4033 BR.

697 4071 798 4134 32.
847 4078 985 4133 sunt
1028 4089 1245 4152 yenera
1286 4069 1408 4133 FR.
2232 4071 2335 4133 30.
2379 4068 2742 4132 ostendemus
2781 4069 2906 4133 BR.
3065 4103 3076 4109 ·

698 4176 803 4238 33.
850 4175 915 4237 id
946 4175 1103 4257 quod
1134 4175 1395 4256 pertinet
1437 4161 1674 4247 PABF,
1716 4172 1782 4237 id
1807 4173 2069 4255 pertinet
2232 4174 2333 4236 31.
2378 4191 2499 4234 esse
2539 4191 2769 4236 necesse
2809 4175 2884 4237 Β.
2931 4206 3015 4221 -
3059 4182 3165 4238 aut
3200 4174 3604 4258 praedonibus

613 4295 710 4362 pr.
741 4282 809 4344 T.
856 4276 1052 4361 (idque
1067 4279 1330 4360 pertinet
1362 4295 1529 4341 corr.
1559 4273 1662 4359 T.)
2147 4274 2414 4357 (omisso
2452 4274 2525 4356 a)
2566 4278 2691 4341 AF.
2733 4309 2817 4324 —
2860 4296 2981 4341 esse
3008 4279 3271 4343 occisum
3307 4281 3428 4346 BF.

698 4384 804 4445 34.
852 4383 1301 4463 reprehensione
1343 4382 1569 4447 PFRT.
2231 4382 2334 4444 33.
2378 4379 2800 4444 coniectionem
2840 4382 3007 4448 PFT.

700 4487 805 4549 35.
858 4487 1025 4564 Quae
1076 4487 1199 4549 sint
1234 4519 1268 4534 -
1304 4518 1337 4532 -
1374 4519 1405 4531 -
1450 4486 1578 4548 sine
1619 4483 2069 4566 reprehensione
2231 4485 2336 4549 34.
2383 4483 2614 4566 defendi
2654 4486 2719 4549 F.
2761 4518 2843 4531 -
2898 4484 3359 4568 relinquerimus
3403 4488 3504 4554 BF
3538 4495 3602 4555 et

618 4608 741 4656 om.
769 4590 917 4654 PAF
961 4596 1024 4658 et
1065 4609 1160 4674 ρι’.
1199 4593 1269 4658 Τ.
1315 4624 1401 4637 -
1442 4590 1703 4671 refutari
1738 4592 1813 4653 Β.
2147 4607 2243 4675 ρι’.
2285 4589 2367 4663 Ρ,
2411 4588 2830 4671 reliquerimus
2869 4590 2977 4654 AT
3007 4596 3072 4655 et
3097 4609 3264 4656 corr.
3299 4592 3366 4657 P.
3420 4592 3598 4671 (item

702 4694 806 4756 36.
864 4691 1004 4777 nisi]
1067 4696 1123 4757 si
1175 4696 1250 4756 B.
1311 4724 1394 4737 —-
1461 4694 1796 4776 exemplum
1845 4691 2066 4755 PABF.
2148 4713 2209 4758 v.
2254 4693 2394 4770 36.)

617 4831 701 4844 -
742 4796 995 4861 dilucide
1068 4799 1396 4883 intelliqere
1456 4799 1628 4864 AFT.
1703 4795 2095 4879 (intellegere,
2232 4798 2337 4861 37.
2379 4796 2436 4860 si
2467 4804 2535 4860 ut
2568 4816 2703 4862 cum
2730 4796 2813 4872 P,
2855 4799 2913 4863 si
2940 4817 3074 4863 cum
3109 4793 3368 4883 (omisso
3402 4801 3497 4881 ut)
3518 4804 3591 4869 R.

620 4921 749 4968 om.
798 4920 897 4987 ρι’.
938 4901 1047 4981 A.)
2231 4901 2339 4966 37.
2385 4902 2506 4969 sint
2546 4901 2676 4969 AT.

3703 3027 3730 3062 l
