4620 5864
891 593 1125 719 ,⁵6

1109 804 1207 868 10.
1251 796 1562 886 quaedam]
1610 796 1899 882 quaedam
1941 802 2113 859 certa
2133 790 2361 855 PBRT.
2388 820 2471 834 -

1016 909 1207 973 uestri
1251 925 1415 969 corr.
1463 906 1533 967 P.
1560 902 1889 964 —iudioes
1931 918 2059 964 om.
2107 901 2177 965 T.

1104 1012 1207 1076 12.
1254 1007 1791 1092 splendidissimum
1832 1024 1957 1068 om.
2000 1004 2072 1066 F.

1107 1117 1208 1179 13.
1256 1108 1502 1196 oportet]
1552 1120 1708 1195 optet
1749 1111 1903 1175 FRT
1945 1114 2008 1171 et
2051 1124 2220 1192 corr.
2268 1103 2339 1165 P.
2395 1134 2471 1148 —

1871 597 2053 664 vam.
2100 591 2327 660 Lssc'r.
2365 590 2478 655 -An
2526 546 3163 655 nnmbmconm

2633 786 2893 850 30-aut
2934 801 3061 848 om.
3107 781 3232 845 FT.
3257 811 3343 827 —
3370 776 3654 841 uenerari
3697 778 3767 840 R.

2633 892 2738 954 31.
2785 885 2941 970 iure]
2989 887 3136 950 uelle
3179 886 3304 949 BR.
3347 917 3429 930 --
3471 877 3646 964 quod]
3696 898 3812 1015 qao
3854 878 3901 940 F
3944 882 4011 939 et

2550 993 2772 1159 ΡΙ,32ΑῙ
2784 1095 3029 1158 minime
3057 1091 3313 1174 offendat
3343 1104 3472 1154 om.
3499 1088 3595 1150 PF
3626 1092 3690 1149 et
3717 1102 3811 1170 pr.
3846 1086 3918 1147 A
3925 1116 4009 1130 —

1018 1221 1325 1283 maximae
1358 1236 1568 1298 pomae
1610 1233 1705 1301 pr.
1735 1212 1830 1288 P,-
1861 1211 2200 1275 maximam
2233 1225 2476 1291 pomam
2548 1196 2621 1282 ii]
2670 1199 2734 1261 hi
2788 1198 3017 1261 ABFT.
3058 1230 3141 1243 —
3194 1193 3455 1275 diliqunt
3497 1191 3700 1271 aliquo
3742 1185 4011 1269 (aliquod

1019 1325 1171 1388 AFT
1215 1327 1279 1386 et
1321 1341 1483 1383 corr.
1514 1321 1621 1381 Ρ.

1107 1427 1207 1490 14.
1250 1425 1395 1487 uelit
1437 1441 1571 1486 om.
1608 1421 1831 1484 PFRT.
1860 1420 2082 1483 —ista
2122 1416 2194 1480 F.

1108 1533 1206 1596 15.
1242 1527 1519 1610 parentis
1561 1527 1629 1588 P.
1663 1542 1746 1571 -·-
1774 1524 1943 1586 nobis
1985 1523 2052 1585 F.

1109 1637 1207 1702 16.
1243 1625 1503 1715 placere]
1546 1632 1746 1712 facere
1790 1646 1897 1713 pr.
1940 1627 2016 1700 P,
2056 1626 2265 1708 fauere
2307 1636 2474 1686 corr.

1016 1739 1087 1816 P,
1126 1740 1295 1821 suere
1323 1731 1787 1820 (superscriptis
1811 1735 2020 1814 fauere
2041 1736 2105 1792 et
2117 1724 2388 1810 placere)
2408 1726 2472 1789 F.

1112 1844 1207 1905 16.
1251 1840 1463 1922 quibus
1504 1838 1746 1900 libertas
1788 1831 1959 1919 (liber
2000 1853 2098 1915 pr.
2134 1831 2207 1915 P)
2249 1837 2479 1893 constat

1020 1947 1184 2009 uitae
1224 1943 1559 2023 eaeemplum
1600 1940 1695 2002 PF
1717 1960 1765 2014 ,²
1803 1938 2013 2020 quibus
2055 1936 2299 1998 libertas
2342 1952 2481 1996 eon-

1022 2049 1264 2112 statuite
1307 2045 1640 2126 exemptum
1670 2062 1762 2127 pr.
1795 2042 1868 2115 A,
1912 2042 2123 2124 quibus
2150 2039 2323 2102 liberi
2344 2047 2481 2100 sunt

1024 2151 1361 2216 constituite
1412 2147 1747 2230 exemplum
1798 2147 1874 2227 R.
1930 2144 2282 2228 ‘vulgatam
2328 2144 2475 2205 lect.

1024 2257 1222 2321 habet
1266 2276 1431 2318 corr.
1480 2255 1552 2317 A.

1115 2362 1213 2423 17.
1256 2359 1376 2421 sint
1412 2358 1485 2419 'in
1526 2356 1769 2419 ciuitate
1811 2352 2139 2416 PABFRT.

1113 2464 1214 2526 18.
1263 2469 1500 2525 senatus
1528 2467 1611 2522 est
1640 2459 1901 2541 officium
1923 2454 2486 2519 PABFT.—consi-

1018 2567 1108 2630 ‘lio
1136 2599 1167 2612 -
1191 2600 1221 2613 -
1262 2566 1655 2646 maqietratus
1698 2562 1961 2644 officium
1989 2568 2073 2623 eet
2116 2578 2243 2623 om.
2295 2559 2393 2620 PF
2422 2563 2486 2620 et

1026 2688 1121 2754 pr.
1166 2671 1241 2734 A.
1293 2665 1457 2750 (add.
1507 2687 1635 2749 mg.
1685 2657 2310 2749 A.)—ma9istratus]
2345 2662 2486 2723 item

1024 2773 1417 2859 maqistratus
1458 2773 1531 2835 R.
1550 2804 1634 2818 -
1657 2777 1742 2832 est
1785 2769 2046 2850 officium
2070 2767 2120 2828 B
2152 2771 2215 2828 et
2240 2785 2370 2848 mg.
2403 2767 2480 2826 A.

1114 2862 1216 2941 1'9.
1263 2895 1448 2959 opera
1489 2883 1543 2938 et
1584 2868 1915 2956 diligentia]
1974 2873 2256 2932 honorem
2298 2877 2354 2930 et
2394 2868 2490 2930 di·-

1028 2982 1337 3065 liqentiam
1377 2979 1444 3052 P,
1489 2979 1712 3056 honore
1756 2985 1808 3058 et
1850 2975 2161 3056 diliyentia
2202 2974 2251 3036 F
2290 2978 2353 3037 et
2381 2993 2478 3055 pr.

1028 3087 1105 3149 A.
1128 3081 1334 3168 (opera
1360 3092 1416 3146 et
1442 3082 1754 3163 diliqentia
1776 3100 1899 3162 mg.
1917 3078 1991 3141 A.
1992 3077 2107 3161 )—
2126 3077 2488 3140 voluntatem

1029 3184 1289 3271 senatus]
1338 3194 1577 3250 senatus
1618 3185 1920 3247 uoluntate
1961 3182 2076 3256 PF,
2121 3182 2488 3243 uoluntatem

1028 3287 1297 3390 (omisso
1333 3288 1589 3372 senatus)
1637 3307 1736 3372 pr.
1787 3287 1878 3362 A,
1878 3311 1885 3316 ·
1926 3293 2166 3349 senatus
2209 3284 2489 3347 uolunta-

1030 3405 1146 3459 tem
1188 3396 1237 3457 B
1283 3401 1346 3457 et
1374 3414 1501 3477 mg.
1550 3393 1627 3468 A,
1672 3392 2039 3454 uoluntatem
2055 3387 2266 3471 populi
2294 3389 2369 3449 R.
2405 3422 2486 3435 -

1018 3499 1236 3582 populi
1278 3506 1364 3561 est
1405 3496 1667 3580 officium
1708 3495 1980 3622 PABFT,
2029 3500 2114 3597 est
2144 3493 2360 3577 populi
2400 3492 2490 3573 os-

1025 3605 1231 3686 ficium
1274 3605 1348 3666 R.

1116 3707 1222 3770 21.
1268 3706 1516 3789 diliqere
1556 3706 1808 3768 1312-
1859 3710 1944 3765 est
1988 3701 2248 3784 officium
2292 3701 2363 3763 T.
2406 3730 2490 3746 -—

948 3857 969 3876 .
1030 3806 1376 3894 defensoris]
1425 3808 1748 3889 defensoris
1789 3815 1876 3871 est
1914 3808 1984 3872 B.

1118 3916 1221 3979 22.
1260 3914 1505 3996 pulsare
1549 3914 1725 3976 T.-
1756 3921 1841 3974 est
1885 3928 2013 3972 om.
2061 3908 2235 3970 PRT.

1119 4020 1224 4081 23.
1273 4017 1606 4100 quaestoris
1646 4015 1926 4077 ABFRT.

1118 4124 1223 4185 24.
1273 4123 1344 4186 L.
1389 4115 1580 4203 Cassi]
1628 4121 1692 4182 in
1735 4118 1937 4181 causis
1979 4116 2127 4177 PFT
2174 4122 2237 4177 et
2273 4132 2372 4198 ρι’.
2416 4113 2490 4185 A,

1034 4226 1157 4289 laci
1198 4226 1357 4289 cassi
1397 4227 1445 4287 B
1492 4230 1557 4287 et
1585 4242 1750 4291 corr.
1781 4223 1854 4285 A.

1119 4331 1225 4392 25.
1274 4330 1676 4392 coniecturam
1706 4345 1869 4390 corr.
1898 4326 1967 4390 P.
1996 4359 2078 4372 —
2109 4321 2387 4404 consequi
2415 4323 2487 4384 T.

1036 4466 1120 4482 ——
1132 4435 1402 4515 patiaris
1443 4450 1537 4517 pr.
1583 4433 1655 4495 B.

1121 4540 1226 4600 26.
1275 4536 1667 4599 commiscebit
1706 4535 1777 4596 F.
1804 4567 1888 4580 —
1909 4528 2279 4614 confimuzbit
2306 4529 2375 4593 F.

1127 4644 1232 4704 27.
1273 4641 1517 4722 parabit
1552 4640 1622 4701 F.
1655 4672 1739 4685 —
1771 4640 1936 4701 Haeo
1978 4645 2061 4698 est
2094 4634 2384 4696 ‘ABFRT.

1123 4745 1227 4808 28.
1276 4751 1330 4805 et
1374 4762 1499 4808 om.
1543 4743 1719 4805 FRT.
1753 4774 1837 4787 —
1864 4734 2213 4822 separatim]
2248 4745 2301 4799 et
2329 4756 2497 4819 sepa-

1039 4849 1227 4912 ratim
1267 4847 1492 4920 AFRT,
1537 4846 1865 4926 separatim
1905 4851 1960 4905 et
2002 4841 2074 4904 Β.

2551 1323 2649 1383 ρι’.
2719 1299 2786 1384 Ρ)
2865 1302 2930 1363 in
2996 1308 3199 1372 errato
3260 1297 3394 1370 PF,
3479 1293 3737 1374 diliqunc
3805 1290 4009 1370 aliquo
4045 1288 4050 1291 ⁴

2552 1414 2755 1468 errato
2798 1425 2897 1486 ρι’.
2945 1404 3017 1477 A,
3063 1402 3323 1484 diliqunt
3357 1418 3493 1461 eum
3520 1398 3589 1459 in
3614 1396 3817 1476 aliquo
3848 1394 4012 1455 iner-

2551 1517 2686 1572 rato
2730 1511 2806 1572 T.
2879 1504 3172 1587 (diliqtmt
3231 1523 3368 1567 cum
3423 1502 3493 1563 in
3561 1500 3766 1580 aliquo
3808 1503 4010 1558 errato

2551 1632 2721 1676 corr.
2754 1614 2831 1674 A.
2839 1606 2956 1684 )--
2983 1628 3123 1673 uere
3149 1605 3565 1689 reprehendere
3586 1602 3900 1665 uideamur
3918 1599 4009 1660 PF

2554 1723 2618 1779 et
2660 1736 2760 1798 ρι’.
2794 1716 2847 1778 A
2864 1762 2880 1789 ,
2924 1718 3065 1777 uer'e
3107 1709 3453 1793 reprehendi
3486 1725 3660 1788 posse
3699 1704 4015 1766 uideamur

2553 1822 2627 1883 R.
2670 1820 2710 1900 (
2704 1839 2845 1882 uere
2888 1815 3237 1900 reprehendi
3269 1828 3452 1896 posse*
3485 1810 3809 1873 uideantur
3839 1822 4006 1870 corr.

2554 1924 2660 2002 A.)
2748 1922 3060 2005 Equidem
3106 1916 3487 1999 scripserim:
3541 1914 3837 1984 dicimus,
3893 1928 4014 1990 quo

2556 2046 2653 2089 eos
2672 2035 2778 2090 aut
2798 2044 2946 2108 quoe
2974 2025 3023 2086 ii
3050 2023 3310 2103 diliqunt
3337 2021 3540 2102 aliquo
3571 2019 3640 2087 in
3659 2023 3863 2079 errato
3881 2029 4016 2075 vere

2555 2128 2974 2213 reprehendere
3013 2127 3352 2189 uideamur.

2641 2236 2766 2297 33.
2795 2227 2969 2315 quod]
3017 2249 3165 2312 quos
3208 2230 3282 2290 T.

2643 2339 2747 2400 34.
2795 2343 3054 2397 vestram
3080 2350 3328 2396 causam
3356 2348 3447 2394 rc.
3484 2329 3553 2391 F.
3590 2326 3861 2411 (causam
3888 2341 4013 2389 om.

2558 2440 2752 2608 Pl'3g‘*
2759 2441 3138 2624 ζονιρτεαωι·
3179 2539 3306 2601 AF.
3338 2568 3422 2584 -—
3442 2533 3762 2599 adtribuite
3803 2551 3904 2615 ρι’.
3940 2530 4011 2592 Ρ.

2561 2644 2648 2731 (id
2689 2646 2930 2709 tribuite
2972 2663 3138 2710 corr.
3184 2641 3293 2722 P.)

2643 2817 2793 2901 Pag.
2825 2817 3058 2899 Ι87.,ν.
3111 2816 3171 2877 1.
3260 2819 3434 2894 atque
3476 2828 3604 2889 om.
3657 2809 3752 2871 PF
3799 2814 3861 2871 et
3912 2826 4010 2889 pr.

2561 2922 2635 2984 A.
2677 2953 2759 2969 -
2788 2915 3054 3004 desinite]
3103 2916 3264 2981 istud
3305 2915 3551 2979 desinite
3592 2914 3694 2979 BT
3739 2919 3802 2978 et
3846 2929 4011 2974 corr.

2559 3029 2686 3104 AR.
2721 3058 2802 3070 —
2833 3025 2992 3087 enim
3033 3031 3118 3086 est
3159 3024 3232 3086 B.
3947 3005 3956 3018 ⁴

2646 3132 2708 3193 2.
2756 3123 2960 3210 istam]
3007 3134 3273 3189 uestram
3316 3142 3412 3211 pr.
3462 3126 3536 3187 R.

2646 3235 2709 3297 3.
2759 3250 3111 3314 eorumom.
3136 3234 3208 3295 T.
3234 3230 3532 3314 —ponite
3560 3227 3710 3292 FRT
3737 3229 3916 3311 etpr.
3944 3181 4019 3285 A.

2645 3339 2710 3400 4.
2747 3338 2926 3399 ‘Tunc
2968 3337 3039 3397 F.
3062 3335 3371 3398 —ueniat
3413 3334 3567 3396 AFT
3610 3338 3676 3395 et
3703 3349 3809 3413 ρ.ι·
3858 3328 3930 3391 P.
4001 3393 4006 3406 ,

2645 3443 2707 3505 7.
2748 3440 3021 3522 ferundis
3061 3441 3187 3522 BT.
3961 3464 3962 3468 ¹

2648 3557 2710 3617 9.
2758 3573 3019 3617 non-m-
3039 3554 3450 3635 comprobatae
3478 3566 3604 3620 om,
3636 3548 3809 3613 PAF.
3844 3541 4014 3626 (add.

2567 3676 2691 3742 mg.
2738 3656 2853 3738 A.)
2883 3690 2960 3712 --,
2988 3658 3099 3720 hae
3140 3675 3340 3719 omnes
3382 3658 3454 3720 T.

2655 3773 2757 3836 10.
2802 3791 2914 3834 uos
2954 3790 3155 3834 omnes
3197 3769 3381 3832 ueriti
3421 3770 3495 3832 B.

2599 3903 2606 3910 ·
2657 3888 2754 3954 11.
2795 3887 3008 3948 uitatis
3080 3883 3441 3965 uituperatio
3520 3880 4021 3963 vituperationem

2567 4008 2666 4070 pr.
2714 3990 2784 4050 P.
2833 3987 3217 4071 (vituperatis
3258 3985 3387 4052 del.
3435 4004 3604 4050 corr.
3650 3983 3755 4060 P.)

2609 4117 2610 4120 ’
2658 4103 2759 4164 12.
2808 4098 2957 4183 erat]
2981 4102 3184 4164 aberat
3204 4102 3382 4163 R.—
3411 4100 3692 4180 abfutura
3711 4116 3843 4159 eam
3863 4097 4024 4159 inve-

2568 4206 2746 4268 nistis
2788 4223 2915 4269 om.
2958 4206 3052 4268 PF
3096 4212 3159 4268 et
3199 4222 3294 4290 pr.
3338 4207 3413 4267 A.
3461 4237 3545 4250 —
3601 4201 3866 4282 affutura
3919 4200 4021 4264 BT

2571 4316 2634 4371 et
2672 4328 2835 4373 corr.
2879 4309 2950 4382 A,
2995 4308 3328 4389 affuturum
3369 4325 3464 4391 ρι’.
3502 4309 3571 4378 Β,
3617 4302 4024 4386 affuturam-R

2572 4420 2635 4477 et
2678 4431 2844 4477 corr.
2885 4412 2965 4474 B.
3018 4412 3208 4474 Fort..
3238 4412 3510 4492 afutura.

2661 4527 2774 4598 13.
2809 4533 2876 4586 ut
2917 4520 3135 4604 timidi]
3182 4523 3245 4584 di
3276 4542 3370 4607 pr.
3408 4524 3593 4610 ἣτις
3611 4522 3821 4602 timidi
3847 4521 3914 4594 F,
3958 4525 4024 4582 ut

2570 4647 2643 4692 ne
2685 4629 2883 4691 timidi
2924 4628 2996 4688 T.
3057 4634 3151 4706 (itt
3205 4626 3403 4689 timidi
3447 4644 3611 4688 corr.
3660 4625 3762 4710 P.)
3827 4656 3907 4670 —-
3971 4629 4026 4685 et

2572 4740 2716 4796 ante
2750 4732 3028 4814 privatas
3058 4746 3186 4792 om.
3222 4730 3340 4794 PF.
3373 4731 3749 4812 —priuatis
3789 4737 3845 4794 et
3874 4726 4028 4810 pub-

2573 4838 2711 4902 licis
2751 4855 2851 4919 pr.
2895 4836 2964 4899 P.
