4620 5864
1364 616 1475 679 An
1514 614 1865 680 mzmzNN.
1951 614 2109 725 pm.
2157 613 2263 711 W·
2358 613 2529 681 CAP.
2578 613 2887 680 35-39.

698 817 797 885 15.
846 809 1025 899 Luce]
1089 814 1213 881 luci
1269 815 1397 888 PB,
1458 833 1585 880 om.
1632 816 1690 880 ·F
1734 822 1798 878 et
1837 816 1934 897 pr.
1977 813 2054 887 A,

610 920 735 982 dcl.
771 939 936 982 corr.
970 920 1043 985 P.
1073 953 1157 966 —
1178 915 1366 1001 nocte]
1396 939 1518 981 uon
1544 920 1660 991 PF,
1689 938 1816 987 om.
1854 940 1951 1000 pr.
1979 917 2053 979 A.

695 1026 797 1088 16.
846 1023 1080 1086 cottidie
1109 1022 1237 1097 AT,
1285 1024 1494 1087 cotidie
1530 1025 1600 1084 Β.
1646 1058 1728 1069 -
1772 1019 1848 1105 et]
1882 1023 2061 1084 etiam

609 1147 709 1209 pr.
757 1128 823 1200 Ρ,
870 1146 998 1190 om.
1046 1126 1122 1188 R.
1169 1159 1251 1171 —-
1294 1127 1465 1190 nobis
1499 1127 1719 1191 PBFT.

2217 813 2277 875 6.
2325 831 2415 876 me
2458 831 2585 877 om.
2634 833 2733 894 pr.
2781 814 2852 875 P.

2218 918 2281 979 ⁷.
2320 917 2593 997 priuatis
2644 917 2767 979 PT.

2219 1022 2281 1085 9.
2330 1020 2863 1083 demonstrabimus
2905 1038 3001 1105 pr.
3053 1022 3122 1087 P.

2223 1126 2323 1187 10.
2373 1125 2880 1206 acrimoniamque
2922 1126 2977 1186 si
3020 1128 3069 1189 A
3114 1132 3177 1188 et
3218 1143 3382 1189 corr.
3416 1128 3592 1194 Pe·-

700 1234 798 1293 17.-
848 1239 1022 1312 atque
1063 1250 1190 1295 om.
1240 1214 1569 1294 PABFRT.
1642 1233 1748 1294 20.
1797 1249 1937 1311 erqo
1981 1231 2053 1291 T.
2134 1227 2435 1307 mitiqabit
2478 1226 2812 1308 (mitiqauit
2857 1227 2937 1307 F)
2980 1229 3115 1291 laus
3157 1229 3329 1293 PAF.

693 1336 799 1397 22.
848 1336 1113 1417 requiro.
1148 1336 1304 1417 quod
1331 1336 1499 1407 PAF,
1530 1336 1793 1417 requiro.
1820 1341 1886 1396 ut
1908 1332 2062 1415 quod

2224 1333 2324 1393 11.
2373 1330 2755 1393 adsimulatio
2797 1352 2916 1413 qua
2959 1351 3054 1416 pr.
3094 1333 3162 1403 P,
3207 1334 3603 1423 adsimulatio·

610 1440 790 1501 BRT.
817 1473 898 1485 —
921 1447 1051 1501 erat
1078 1440 1149 1501 Β.
1172 1473 1255 1485 -
1277 1439 1665 1503 coustituetur
1686 1457 1781 1522 pr.
1814 1438 1881 1511 P,
1906 1457 2062 1499 com·
2133 1435 2202 1496 de
2243 1454 2365 1517 qua
2406 1434 2507 1496 AF
2553 1441 2617 1498 et
2659 1456 2824 1499 corr.
2860 1436 2929 1497 P.
2963 1464 3037 1477 -
3053 1433 3377 1519 posterius]
3421 1458 3590 1520 supe·
3671 1494 3680 1499 .

600 1542 916 1624 primatur
941 1544 1011 1615 T,
1058 1544 1369 1623 mitiqetur
1394 1545 1448 1606 R
1478 1550 1541 1605 et
1567 1561 1732 1606 corr.
1766 1542 1840 1606 A.
1878 1534 2066 1622 (com-
2135 1539 2271 1600 rius
2313 1542 2384 1602 T.
2413 1572 2496 1585 -
2523 1539 2785 1602 dicemus
2828 1560 2917 1602 rc.
2968 1542 3038 1603 F.

601 1648 905 1725 primetur
946 1665 1040 1730 pr.
1084 1648 1138 1711 A
1183 1654 1247 1709 et
1287 1665 1451 1711 corr.
1500 1644 1606 1727 P.)

2226 1644 2327 1704 12.
2376 1642 2595 1722 indiqet
2650 1641 3065 1726 mitigationis]
3127 1645 3596 1728 indeneqationis

695 1753 802 1814 23.
849 1750 1201 1814 iracundiae
1242 1752 1513 1814 molestia
1539 1753 1613 1814 B.
1640 1785 1721 1798 —
1743 1751 1937 1817 altera
1964 1746 2058 1833 ab]
2136 1747 2374 1809 nomine
2415 1746 2460 1809 P
2478 1793 2495 1819 .
2545 1747 2613 1808 in
2652 1747 3054 1828 demqationis
3092 1751 3329 1812 nomine
3370 1749 3594 1812 dicitur

612 1855 806 1917 altera
849 1873 945 1917 res
986 1854 1059 1917 ab
1101 1854 1325 1919 PBRT.

695 1959 803 2022 24.
852 1954 961 2040 ita]
1008 1960 1148 2021 item
1191 1960 1336 2020 PBF
1382 1965 1445 2022 et
1474 1980 1574 2041 pr.
1622 1959 2066 2026 A.—dicendo

607 2062 676 2143 fit
718 2064 985 2135 maxime
1026 2063 1108 2137 P,
1171 2063 1414 2126 dicendo
1454 2065 1723 2129 maxime
1765 2065 1813 2126 F
1859 2071 1921 2127 et
1962 2083 2062 2148 pr.

613 2166 684 2229 A.
732 2165 1006 2239 (dicendo
1055 2167 1111 2228 si
1154 2167 1281 2229 loco
1320 2169 1388 2248 fit
1436 2168 1705 2231 maxime
1747 2186 1912 2231 corr.
1960 2163 2067 2242 A.)

614 2269 783 2332 Fort.
844 2271 1010 2341 Haec
1066 2290 1165 2333 res
1213 2273 1270 2333 si
1310 2273 1466 2332 sicut
1505 2272 1574 2334 in
1612 2272 1887 2341 amicitia
1927 2272 2068 2337 item

611 2373 679 2447 in
719 2373 959 2436 dicendo
995 2375 1088 2454 fit,
1133 2375 1402 2441 maxime
1444 2380 1564 2436 cet.

695 2478 802 2539 26.
849 2477 1105 2538 dicimus
1147 2486 1343 2540 tamen
1384 2486 1438 2540 et
1479 2479 1749 2559 ipsorum
1787 2480 2068 2562 ueritatis

502 2609 512 2616 ·
614 2601 733 2644 esse
775 2580 1055 2643 uideatur
1095 2582 1142 2643 P
1159 2629 1177 2656 ‚
1236 2582 1490 2645 dicimus
1533 2591 1729 2653 tamen
1772 2591 1899 2652 tam
1937 2602 2068 2646 sen-

614 2685 798 2748 tentia
837 2703 1046 2753 eorum
1086 2687 1190 2766 qui
1230 2684 1433 2765 dicugzt
1475 2683 1722 2766 (dicitur
1760 2687 1846 2768 A)
1888 2706 2067 2769 quam

614 2789 683 2850 de
724 2788 934 2870 quibus
975 2789 1200 2851 dicitur
1251 2807 1400 2861 uera
1441 2789 1748 2863 habeatur,
1771 2791 1817 2853 F
1861 2797 1924 2854 et
1966 2810 2063 2872 pr.

615 2893 692 2966 A,
739 2892 900 2974 ipsos
926 2893 1112 2956 ueriti
1139 2912 1259 2956 esse
1290 2894 1607 2956 uideamur
1634 2915 1760 2978 mg.
1795 2894 1865 2956 F.
1914 2894 2067 2960 Vul-

617 3003 819 3078 gamm
864 2997 1199 3071 lectionem
1244 2998 1441 3061 habet
1483 3017 1647 3062 corr.
1696 3001 1772 3061 A.
1833 3029 1914 3043 —
1971 2999 2063 3080 ip·

616 3095 840 3183 sorum]
874 3120 1080 3163 eorum
1108 3103 1180 3164 T.

699 3205 802 3270 27.
847 3204 914 3266 in
953 3204 1195 3268 dicendo
1240 3206 1511 3269 licentiae
1538 3205 1767 3272 PART.
1798 3238 1877 3252 -
1900 3214 2066 3270 astu-

615 3308 999 3388 tioperatione
1028 3325 1123 3393 pr.
1160 3308 1230 3383 P,
1278 3310 1505 3374 astutia
1531 3311 1871 3391 operatione
1893 3328 2057 3375 corr.

616 3411 698 3485 Ρ,
768 3419 969 3486 astuta
1031 3415 1369 3494 operatione
1427 3436 1527 3502 ρι’.
1572 3415 1626 3484 Α
1670 3421 1735 3477 et
1774 3431 1938 3484 corr.
1981 3416 2064 3488 F,

616 3523 881 3578 astatuta
934 3518 1275 3598 operatione
1330 3537 1429 3599 pr.
1448 3582 1455 3590 ,
1476 3520 1525 3583 F
1544 3565 1562 3592 ‚
1624 3520 1829 3600 maqis
1865 3525 2068 3581 astuta

615 3620 849 3696 ratione
888 3620 977 3696 R,
1023 3622 1308 3696 astutini
1348 3623 1581 3686 ratione
1622 3625 1696 3686 Τ.
1751 3619 2066 3706 (astutiore

498 3813 503 3820 ι
618 3723 850 3786 ratione
893 3744 1056 3787 corr.
1104 3724 1206 3807 A.)

701 3828 805 3890 29.
849 3829 1175 3909 facite-n
1205 3829 1462 3902 dicimus
1501 3847 1630 3895 om.
1679 3828 1797 3898 PF.
1836 3859 1912 3875 ·-
1953 3849 2064 3895 au·

614 3928 836 4054 sitores
875 3950 986 3993 nos
1025 3933 1234 3994 timere
1275 3933 1529 3996 dicimus
1571 3935 1645 3996 T.

604 4089 611 4096 .
703 4035 804 4099 31.
850 4035 1361 4099 subiciemus·BT.

699 4138 804 4201 32.
846 4139 1160 4203 Nimirum
1200 4141 1272 4202 B.
1306 4173 1390 4186 —
1423 4141 1649 4214 animis
1702 4147 1788 4205 est
1836 4140 2066 4223 simpli-

616 4241 877 4305 cioribus
920 4245 989 4304 Β.
1460 4305 1463 4314 ,
1688 4283 1693 4288 -

702 4343 850 4424 Pag.
892 4346 993 4412 88.
1033 4365 1092 4409 v.
1143 4348 1200 4410 1.
1275 4347 1524 4410 credetis
1565 4349 1638 4411 T.
1932 4369 1937 4374 ·

702 4446 764 4508 2.
809 4448 980 4510 nobis
1010 4450 1080 4512 F.
1102 4451 1356 4532 -falsa
1367 4453 1715 4532 epesrustra
1735 4450 2060 4526 PABFRT.

702 4551 761 4612 3.
805 4560 1010 4618 uestra
1050 4554 1154 4635 qui
1196 4555 1352 4637 quod
1394 4556 1439 4616 P
1457 4601 1475 4629 ,
1538 4564 1743 4624 uestra
1792 4564 1880 4626 est
1920 4557 2065 4638 quia

615 4654 770 4734 quod
812 4656 913 4717 ΒΤ
959 4662 1022 4718 et
1062 4657 1518 4741 (superscripto
1564 4659 1701 4741 qui)
1743 4662 1810 4725 F.

701 4759 762 4825 5.
805 4758 932 4821 ista
993 4768 1189 4824 tamen
1241 4762 1514 4838 amicitia
1554 4763 1763 4834 PABR
1778 4809 1799 4842 ,
1868 4773 2064 4832 tamen

619 4862 892 4931 amicitia
933 4861 1098 4946 (om.
1132 4863 1274 4950 ista)
1316 4869 1384 4942 F.
1469 4893 1475 4910 ·

2038 1870 2047 1877 ’
2140 1850 2260 1921 AF,
2304 1851 2702 1930 mitiqationis
2743 1852 2968 1932 indiqet
3010 1857 3083 1917 R.
3132 1853 3388 1933 (indiqet
3430 1854 3593 1917 miti-

2138 1956 2402 2036 qatiom's
2431 1972 2592 2018 corr.
2621 1955 2696 2018 A.
2695 1951 2728 2037 )
2753 1989 2829 2002 —
2858 1974 2972 2019 sua
2998 1964 3199 2037 sponte
3227 1958 3308 2019 sit
3342 1956 3423 2018 ad
3457 1958 3592 2018 ani·

2138 2077 2303 2120 mum
2343 2059 2641 2123 auditoris
2682 2060 3128 2131 accommodata
3163 2061 3439 2133 PAFRT.
3483 2080 3597 2124 sua

2141 2184 2202 2225 se
2243 2171 2446 2244 sponte
2489 2169 2609 2226 cet.
2658 2165 2729 2226 Β.

2227 2269 2330 2331 14.
2379 2268 2716 2330 Diminutio
2743 2270 2830 2338 T.
2873 2301 2956 2316 —
3001 2263 3211 2351 inesse]
3260 2276 3366 2332 aut
3407 2269 3596 2333 inesse

2118 2373 2212 2440 ὦ.
2240 2371 2411 2433 -in
2451 2390 2579 2434 om.
2629 2373 2755 2439 BR.

2227 2477 2328 2540 15.
2371 2477 2440 2537 in
2481 2494 2606 2538 om.
2644 2477 2767 2537 BR.
2796 2470 3002 2558 -iis]
3049 2476 3145 2538 hie
3188 2477 3407 2543 PBFT.

2228 2579 2330 2643 18.
2372 2574 2590 2662 labore]
2638 2579 2936 2644 laborasse
2965 2580 3088 2655 ΡΞ,
3135 2581 3412 2645 laborare
3441 2582 3594 2648 F.—

2140 2702 2445 2746 curassem
2487 2703 2586 2765 pr.
2636 2684 2707 2746 P.

2198 2789 2329 2863 19.
2379 2788 2499 2849 Hic
2540 2788 2840 2869 si--opt.
2889 2796 3141 2853 tenestem
3182 2789 3325 2853 add.
3356 2809 3481 2872 mg.
3513 2795 3610 2854 A:

2223 2893 2330 2955 20.
2380 2888 2636 2975 tametsi]
2685 2899 2739 2955 et
2780 2893 2835 2954 si
2877 2896 2947 2965 T,
2990 2913 3121 2962 eam
3163 2895 3313 2956 etsi
3357 2896 3482 2962 FR.

2206 2998 2328 3060 «21.
2377 3005 2430 3058 et
2451 2996 2531 3058 ad
2558 2997 2790 3066 laudem
2818 3015 2946 3060 om.
2975 2998 3133 3060 F.·-·
3156 2998 3234 3060 ad
3256 3015 3383 3062 om.
3412 2999 3587 3070 PBR.

2116 3139 2121 3144 -
2221 3100 2326 3162 22.
2371 3119 2557 3166 causa
2605 3102 2909 3165 auaritiae
2959 3103 3127 3168 BFT.
3174 3136 3256 3151 -
3306 3099 3409 3185 an]
3485 3110 3600 3168 aut

2136 3205 2368 3267 AFRT.

2221 3310 2328 3372 23.
2376 3317 2442 3373 at
2484 3309 2962 3391 tarqissimusu
2981 3342 3011 3358 -
3044 3318 3238 3375 contr.
3272 3317 3358 3376 est
3384 3311 3596 3375 auari-

2139 3414 2260 3476 tiae
2303 3414 2448 3478 add.
2499 3434 2623 3498 mg.
2673 3416 2748 3478 A.
3605 3481 3615 3500 .

2223 3519 2331 3592 23.
2373 3519 2495 3597 suit
2536 3519 2634 3582 hic
2673 3519 2742 3580 in
2782 3521 2856 3582 T.
2883 3552 2966 3567 —
2992 3526 3077 3583 est
3118 3519 3428 3584 Mutati-³.
3453 3523 3526 3586 T.

2184 3645 2185 3650 ¹
2224 3620 2330 3685 24.
2379 3631 2442 3684 at
2487 3642 2613 3690 om.
2658 3623 2881 3686 PFRT.

2225 3728 2328 3793 27.
2369 3726 2729 3806 defendimus
2770 3730 2897 3791 AT.
2946 3761 3030 3777 -·
3047 3730 3440 3811 proferundis
3479 3732 3549 3796 Β.

2224 3831 2330 3893 28.
2386 3830 2682 3893 eius-modo
2729 3848 2854 3894 rem
2895 3851 2994 3913 ρι’.
3027 3833 3098 3895 Ρ.
3391 3889 3394 3894 .

2224 3936 2330 4000 29.
2376 3930 2666 4016 oratione]
2730 3937 3021 4000 oratione.
3069 3937 3319 4000 comitio
3360 3938 3598 4001 uitatur

2139 4037 2345 4106 odium
2375 4034 2594 4118 (tribus
2622 4038 2721 4100 his
2752 4040 2963 4102 verbis
2993 4040 3057 4102 in
3086 4041 3380 4124 proximo
3409 4062 3591 4108 versu

2140 4138 2409 4222 omissis)
2455 4141 2524 4203 F.
2553 4173 2629 4186 —
2662 4141 2718 4202 si
2759 4143 3127 4208 considerate
3166 4145 3234 4208 F..
3276 4177 3350 4190 —-
3378 4147 3445 4208 in
3486 4164 3594 4210 ra·-

2138 4246 2295 4308 tione
2335 4243 2591 4307 uiuendo
2631 4245 2701 4306 Β.

2222 4350 2329 4413 30.
2370 4343 2630 4430 suqitur]
2673 4348 2927 4429 fulcitur
2967 4350 3015 4411 Β
3062 4355 3126 4412 et
3161 4368 3262 4430 pr.
3305 4349 3476 4411 P.—
3500 4350 3594 4412 di-

2138 4453 2328 4516 cundo
2369 4454 2442 4515 T.
2476 4485 2561 4500 --
2589 4452 2825 4514 uitatur
2863 4452 3086 4515 odium.
3132 4471 3277 4516 nam
3303 4454 3593 4517 eiuunodi

2139 4577 2236 4620 res
2278 4564 2331 4619 et
2367 4555 2665 4618 inuidiam
2691 4556 3048 4621 contrahunt
3069 4558 3141 4621 in
3162 4559 3368 4626 uitaet
3387 4556 3590 4620 odium

2137 4662 2205 4724 in
2247 4660 2519 4723 oratione
2560 4661 2632 4722 Β.

2220 4765 2327 4830 32.
2375 4764 2804 4846 expositionem
2843 4782 2979 4828 cum
3018 4765 3319 4846 ymaitate
3345 4768 3417 4836 R.

2222 4871 2327 4933 33.
2375 4854 2530 4932 sicui
2569 4886 2697 4932 om.
2745 4863 3004 4949 F.·-=·e]
3050 4888 3094 4932 a
3132 4871 3249 4936 FT.
3291 4879 3298 4884 '
