4620 5864
1489 623 1594 688 AD
1638 621 1983 686 HERENN.
2030 622 2312 687 hum-11.
2377 621 2565 688 (ΞΜ).
2613 620 2867 686 8--12.

698 880 703 885 .
744 827 805 891 6.
849 830 1158 907 coqeretur
1183 826 1284 888 cui
1309 824 1517 887 altera·
1531 822 1628 886 PF
1642 868 1659 897 ,
1702 827 2014 903 coyeretur
2039 820 2113 884 ab

662 930 857 993 altera
892 949 1028 992 cum
1056 930 1251 992 altera
1286 930 1409 993 ΒΤ.

744 1034 1110 1098 8.·sanctiat
1148 1034 1385 1095 AF.·--
1430 1032 1785 1114 abroqatum
1825 1030 2031 1094 ABFT
2053 1036 2117 1094 et

663 1156 828 1203 corr.
864 1137 933 1200 P.
980 1171 1064 1185 —
1107 1133 1224 1220 uel]
1270 1144 1377 1199 aut
1409 1137 1629 1200 PABF.

705 1244 807 1311 9.
834 1242 1177 1324 posteriore
1213 1239 1486 1306 PBFRT.
1531 1272 1613 1287 --
1677 1247 1950 1365 sanctum
1990 1239 2113 1310 PA,

664 1347 987 1408 sanctitum
1028 1346 1095 1408 F'.

745 1451 852 1511 12.
899 1449 1125 1511 Deinde
1155 1447 1432 1510 iudiciali
1470 1443 1738 1527 (omisso
1777 1446 1965 1527 de)P

750 1554 865 1621 13.
902 1552 1173 1614 absoluta
1206 1570 1339 1616 om.
1371 1570 1466 1636 pr.
1507 1554 1575 1616 T.
1614 1585 1696 1597 -—
1737 1559 1977 1614 utemur
2010 1570 2118 1614 ra-

663 1657 821 1719 tione
847 1656 1006 1718 iuris
1044 1659 1114 1718 B.
1153 1688 1237 1701 --
1270 1663 1478 1738 partes
1507 1656 1833 1718 PABFRT.

753 1762 850 1824 14.
894 1756 1120 1843 utrum]
1179 1778 1391 1822 uerum
1449 1778 1548 1843 pr.
1600 1760 1676 1830 P,
1741 1768 1878 1821 utro
1919 1760 1988 1822 B.
2035 1791 2117 1803 —

667 1883 740 1925 ea
775 1880 900 1926 om.
943 1866 988 1927 B
1031 1870 1093 1929 et
1126 1881 1225 1947 pr.
1270 1863 1339 1930 P.
1382 1895 1464 1908 —-
1514 1862 1749 1943 faciant
1790 1863 2117 1926 PABFRT.

667 1947 750 2015 -ss-
789 1962 983 2049 parte]
1027 1974 1200 2048 parte
1238 1966 1400 2028 iuris
1428 1966 1602 2030 PRT.

758 2073 855 2134 15.
899 2079 982 2134 est
1014 2071 1307 2152 scriptum
1339 2069 1658 2150 putabitur
1702 2069 1858 2151 quod
1903 2087 2004 2153 ρι’.
2037 2070 2117 2142 P,

670 2194 793 2239 esse
822 2176 1111 2256 scriptum
1142 2174 1462 2255 putabitur
1487 2174 1643 2256 quod
1680 2176 1727 2236 Β
1747 2220 1764 2246 ,
1809 2192 1930 2235 esse
1973 2173 2121 2235 scri-

656 2286 832 2361 ptum
857 2280 1173 2360 putabitur
1205 2286 1274 2340 ut
1299 2285 1453 2360 puta
1483 2277 1639 2361 quod
1679 2278 1750 2339 T.
1785 2306 1865 2320 —-
1909 2283 2018 2339 aut
2055 2278 2124 2339 in

657 2382 868 2465 plures
911 2386 980 2446 T.

757 2489 854 2550 17.
900 2480 1208 2569 quomodo]
1231 2483 1466 2566 quando
1480 2482 1704 2546 PAFT.
1729 2525 1808 2536 -
1829 2484 2141 2565 scriptum

668 2586 836 2673 esset]
883 2592 1175 2671 scriptum
1219 2596 1304 2651 est
1346 2587 1446 2650 sed
1487 2595 1541 2650 et
1584 2588 1730 2651 PAF
1746 2636 1763 2659 ,
1830 2589 2124 2668 scriptum

668 2695 748 2756 sit
777 2698 849 2767 B,
895 2702 979 2755 est
999 2694 1290 2773 scriptum
1307 2699 1361 2754 et
1383 2695 1461 2765 R,
1508 2692 1801 2773 scriptum
1836 2701 1921 2754 est
1943 2701 2026 2754 set
2050 2695 2118 2755 T.

758 2800 854 2861 19.
897 2798 962 2859 id
1003 2814 1125 2861 om.
1161 2798 1280 2859 FR.
1311 2838 1393 2848 —
1438 2796 1906 2876 interpretamur
1934 2799 2006 2860 R.
2040 2831 2119 2840 -—

668 2909 723 2965 et
749 2902 981 2966 honeste
1010 2909 1064 2964 et
1099 2907 1251 2965 recte
1285 2908 1340 2964 et
1363 2900 1504 2983 leye.
1531 2918 1695 2962 more
1718 2908 1774 2962 et
1804 2907 2029 2964 natura
2052 2903 2120 2964 Β.

753 3008 855 3069 20.
899 3012 1054 3067 recte
1092 3023 1217 3070 om.
1257 3006 1325 3068 T.

753 3112 851 3174 21.
895 3110 1369 3191 interpretantur
1402 3109 1463 3171 A
1487 3113 1549 3171 et
1574 3126 1662 3174 rc.
1692 3110 1759 3171 F.
1805 3141 1885 3152 —-
1945 3104 1996 3191 e]
2043 3128 2122 3170 ex

667 3214 893 3276 PABF.
939 3247 1016 3259 -
1059 3210 1183 3295 nec]
1228 3232 1408 3295 neque
1451 3215 1517 3279 F.
1556 3247 1629 3258 —
1682 3212 1957 3294 ambiquo
1995 3215 2066 3275 T.

752 3319 855 3380 22.
905 3319 1048 3379 utra
1096 3318 1246 3380 PBT
1297 3323 1359 3379 et
1403 3335 1492 3380 rc.
1526 3317 1599 3380 F.
1657 3351 1737 3363 -—-
1799 3335 1951 3379 uera
1992 3335 2123 3380 sen-

669 3422 856 3484 tentia
884 3425 952 3485 B.
990 3456 1070 3467 —
1114 3421 1495 3509 arbitrantur
1518 3423 1585 3485 B.

753 3525 859 3587 23.
900 3525 1218 3607 peruenire
1272 3526 1339 3591 F.
1398 3554 1476 3566 —
1545 3524 2125 3607 amphiboloqiarum

671 3632 856 3702 ΒΒΤ,
882 3629 1388 3710 amphiloqiarum
1406 3624 1536 3708 (sed
1560 3626 1698 3714 syll.
1721 3628 1818 3709 loq
1837 3624 2030 3706 corr.)
2050 3629 2121 3689 A.

755 3735 861 3796 24.
909 3728 968 3814 a]
1017 3732 1092 3794 ab
1132 3733 1457 3796 PABFRT.
1497 3766 1581 3778 —
1613 3734 1974 3814 proferatur
1994 3732 2118 3794 PT.

754 3838 859 3900 26.
906 3832 1020 3918 illi]
1070 3836 1164 3898 illi
1189 3834 1487 3898 dialectici
1524 3838 1596 3899 Β.
1636 3870 1719 3882 -
1762 3836 2125 3917 amphibolo-

672 3941 809 4022 9ias
869 3941 1097 4003 ΑΒΒΤ.
1164 3972 1248 3986 -
1317 3935 1716 4020 aucupantur]
1782 3945 2125 4017 nuncupant

674 4043 755 4122 (c.
787 4040 973 4127 glosS.
1003 4042 1374 4124 intelliqunt)
1401 4043 1473 4103 R.
1502 4073 1585 4086 —
1625 4050 1799 4123 parte
1830 4061 1908 4103 ex
1932 4042 2127 4104 altera

676 4149 811 4219 AF,
856 4167 942 4210 ex
968 4156 1150 4228 parte
1181 4147 1376 4210 altera
1404 4147 1474 4209 B.

757 4254 906 4334 Peg.
940 4253 1059 4316 23:
1086 4270 1146 4313 ν.
1180 4253 1239 4317 1.
1326 4252 1540 4331 scripti
1569 4269 1706 4313 cum
1731 4251 1923 4312 odiosi
1951 4251 2073 4312 BF.

758 4358 819 4419 2.
863 4364 931 4417 et·
949 4351 1239 4437 expedite]
1288 4355 1666 4436 expediteque
1693 4358 1760 4418 B.
1795 4386 1877 4398 —
1918 4354 2129 4415 uolunt

676 4457 837 4539 loqui
866 4461 936 4522 Τ.
989 4491 1074 4505 -
1133 4459 1534 4541 infantessimi
1564 4476 1657 4542 pr.
1688 4459 1769 4532 P,
1828 4459 2125 4540 infacetis·

676 4562 818 4623 simi
859 4580 1024 4626 corr.
1056 4563 1126 4624 P.

760 4666 823 4727 5.
880 4662 1215 4749 praesenti]
1291 4667 1784 4749 praesentiarum
1844 4666 2126 4737 PABFT,

666 4771 1013 4848 praesentia
1058 4773 1128 4834 Β.
1187 4803 1269 4816 —-
1340 4767 1711 4854 interdicere]
1761 4771 2128 4833 ‘intercedere

678 4874 780 4934 BT
826 4879 887 4934 et
929 4891 1024 4955 pr.
1058 4875 1129 4937 P.

3539 619 3650 692 13

2272 822 2333 887 9.
2378 817 2614 904 quibus]
2657 820 2876 908 quidus·
2910 820 3084 884 rebus
3126 819 3453 885 PABFRT.

2276 928 2379 990 10.
2429 927 2726 1008 suffraqia
2775 926 3079 1008 (suffraqa
3108 924 3188 1006 F)
3209 926 3640 1011 maqistratus.

2186 1046 2394 1112 nempe
2426 1032 2549 1105 PF,
2593 1030 3116 1114 suffraqiapopuli
3148 1038 3204 1093 et
3234 1030 3502 1095 consilia
3515 1044 3646 1094 ma-

2188 1136 2504 1218 qistratusz
2545 1154 2776 1217 nempe
2792 1138 2863 1199 Β.

2280 1241 2382 1302 13.
2429 1240 2697 1303 ciuitatis
2715 1240 3086 1304 detrimento.
3149 1237 3476 1303 Aerarium
3499 1235 3649 1322 (me-

2190 1339 2312 1406 diis
2334 1341 2599 1424 omissis)
2624 1345 2704 1416 P,
2758 1344 3027 1406 ciuitatis
3057 1342 3408 1407 detrimento
3436 1344 3645 1425 afficit.

2189 1447 2502 1510 aerarium
2533 1466 2629 1532 ρι’.
2659 1448 2745 1521 A,
2788 1448 3058 1510 ciuitatis
3081 1446 3444 1533 ‚detrimento
3469 1446 3645 1527 facit.

2189 1552 2501 1614 aerarium
2556 1552 2637 1623 F,
2709 1551 2979 1614 ciuuatis
3030 1549 3378 1629 detrimento
3439 1550 3649 1631 afficit.

2191 1674 2296 1736 eqo
2333 1674 2454 1716 non
2488 1655 2659 1736 affeci
2690 1655 2791 1717 sed
2807 1654 3095 1736 prohibui
3123 1653 3540 1716 detrimentum
3568 1656 3644 1728 Β.

2282 1760 2382 1820 15.
2431 1755 2641 1841 iqitur]
2692 1779 2831 1842 erqo
2875 1761 2948 1821 Β.
3047 1804 3048 1807 ,

2282 1863 2382 1926 16.
2431 1870 2487 1925 et
2505 1880 2632 1926 om.
2663 1866 2730 1927 B.
2773 1896 2855 1909 ——
2897 1862 3370 1933 accommodatae
3391 1858 3652 1945 (accom-

2191 1966 2475 2030 moditate
2511 1964 2581 2047 F)
2620 1985 2835 2030 causae
2870 1967 3050 2041 PAF,
3116 1974 3172 2031 et
3210 1958 3300 2029 ad,
3331 1965 3654 2030 commodi-

2191 2070 2391 2133 datem
2418 2068 2582 2149 (om.
2615 2072 2862 2151 causae)
2896 2075 2977 2144 R,
3023 2070 3469 2137 accommodata
3511 2088 3655 2134 cau-

2190 2164 2296 2237 sae
2333 2175 2403 2237 T.
2453 2206 2529 2221 -··
2596 2164 2978 2258 describetur]
3017 2176 3327 2257 definietur
3367 2178 3438 2239 R.
3665 2234 3668 2237 .

2231 2324 2237 2331 -
2285 2279 2387 2341 17.
2446 2297 2581 2343 cum
2629 2280 2797 2362 uerbi
2847 2286 2903 2342 et
2954 2279 3366 2360 discriptionis
3409 2278 3654 2341 ratione

2195 2382 2495 2463 refelletur
2536 2378 2647 2459 (ad
2681 2383 2982 2464 refelletur
3021 2379 3086 2445 in
3133 2400 3260 2465 mg.
3310 2377 3389 2461 ab
3433 2376 3653 2447 eadem

2198 2504 2387 2550 manu
2410 2482 2684 2549 additum
2724 2494 2817 2567 est
2839 2482 3167 2568 aptabitur)
3207 2486 3286 2558 P,
3332 2484 3654 2549 cumuerbi

2198 2596 2253 2651 et
2287 2589 2706 2670 descriptionis
2748 2590 2980 2652 ratione
3023 2590 3331 2671 aptabitur
3358 2590 3657 2671 refelletur

2199 2694 2245 2755 F
2263 2739 2281 2767 ,
2320 2712 2457 2755 cum
2474 2694 2643 2755 uerbi
2663 2701 2719 2756 et
2733 2693 3123 2774 descriptione
3145 2694 3443 2775 refelletur
3467 2711 3561 2777 ρι’.
3579 2693 3653 2764 A,

2197 2816 2332 2859 cum
2377 2798 2547 2859 uerbi
2598 2796 2989 2877 descriptione
3030 2798 3417 2879 coniunqitur
3448 2796 3655 2859 deinde

2195 2901 2613 2984 descriptionis
2655 2902 3002 2965 contrariae
3035 2901 3197 2964 ratio
3233 2902 3534 2983 refelletur
3567 2903 3615 2964 B
3635 2948 3652 2975 ,

2132 3037 2135 3040 ·
2196 3026 2333 3067 cum
2358 3006 2526 3068 uerbi
2561 3005 2955 3087 descriptione
2989 3015 3044 3069 et
3086 3007 3321 3068 ratione
3347 3007 3653 3087 aptabitur

2195 3108 2402 3172 deinde
2441 3111 2787 3172 contrariae
2819 3110 3241 3191 descriptionis
3275 3112 3439 3173 ratio
3481 3110 3655 3191 refel-

2197 3213 2353 3275 letur
2401 3215 2475 3276 R.
2569 3214 2894 3297 Vulgatam
2954 3210 3284 3278 lectionem
3356 3209 3655 3277 exhibent

2199 3319 2248 3378 T
2295 3321 2361 3378 et
2402 3334 2568 3379 corr.
2618 3317 2692 3378 A.
3543 3331 3573 3370 a

2285 3422 2387 3483 19.
2435 3421 2508 3483 Id
2562 3416 2807 3503 quoque]
2865 3421 2931 3483 id
2983 3423 3140 3504 quod
3191 3439 3293 3505 ρι’.
3328 3421 3412 3494 P,
3479 3419 3652 3503 idque

2200 3525 2343 3589 T'et
2369 3542 2539 3587 corr.
2577 3526 2645 3587 P.
2680 3558 2763 3571 —
2805 3525 3082 3588 iudiciali
3113 3527 3182 3588 P.

2281 3630 2388 3691 21.
2425 3629 2901 3710 prosecutionem
2939 3629 2987 3690 F
3004 3675 3021 3702 ,
3066 3631 3472 3692 executionem
3514 3631 3564 3692 T
3595 3636 3657 3693 et

2201 3750 2370 3796 corr.
2403 3734 2491 3806 A,
2529 3733 2960 3814 possessionem
2983 3735 3066 3804 B,
3111 3735 3553 3796 excusationem
3569 3733 3649 3795 R.

2282 3839 2388 3899 22.
2437 3855 2607 3918 quem
2660 3856 2781 3899 non
2831 3829 3098 3919 oporteat
3156 3854 3283 3900 om.
3339 3838 3508 3900 PBF.
3571 3870 3657 3884 —-

2198 3937 2364 4023 num]
2404 3950 2458 4003 et
2497 3959 2643 4003 num
2684 3942 2757 4002 B.
2805 3973 2888 3988 —-
2946 3941 3070 4003 alio
3113 3940 3315 4013 modo,
3362 3948 3657 4021 tempore,

2201 4041 2360 4128 loco}
2397 4044 2519 4107 alio
2562 4054 2822 4126 tempore
2863 4042 3144 4123 (omissis
3182 4044 3355 4107 modo
3395 4053 3458 4107 et
3492 4044 3654 4124 loeo)

2202 4151 2293 4212 PF
2331 4155 2391 4211 et
2419 4166 2517 4232 pr.
2554 4149 2639 4222 A,
2681 4148 2803 4210 alio
2832 4149 3026 4210 modo.
3049 4168 3195 4210 num
3224 4150 3348 4210 alio
3373 4158 3651 4230 tempore.

2200 4272 2346 4316 num
2399 4253 2522 4314 alio
2577 4252 2706 4314 loco
2746 4254 2819 4314 T.
2910 4248 3262 4336 (vulgatam
3318 4247 3650 4316 lectionem

2202 4353 2391 4421 babet
2433 4373 2600 4419 corr.
2637 4353 2737 4436 A.)

2285 4464 2390 4524 23.
2439 4468 2545 4522 aut
2587 4467 2791 4540 aqente
2835 4477 2958 4524 om.
2985 4459 3158 4523 PAF.
3204 4489 3289 4506 -·
3331 4458 3553 4541 le9ibus
3594 4467 3648 4523 el

2201 4565 2468 4627 moribus
2512 4563 2838 4627 PABFRT.

2286 4669 2393 4730 24.
2441 4667 3028 4748 aequaetbonaP,
3070 4684 3197 4731 om.
3247 4667 3316 4729 F.
3341 4685 3659 4749 -repe-

2205 4773 2453 4834 riuntur
2493 4772 2618 4833 BR.

2286 4877 2393 4939 25.
2441 4873 2800 4939 raciocinali
2841 4873 2922 4947 A,
2971 4875 3358 4940 .ratiocinari
3398 4873 3480 4952 F,
3552 4895 3658 4941 ra-
