4620 5864
980 543 1029 609 8
1744 590 1751 595 -
1821 538 2015 609 VAR.
2056 537 2285 605 LECT.
2333 537 2442 601 AD
2485 534 3122 603 RHETORICORUM

977 737 1079 815 xit
1108 737 1164 799 R
1200 741 1268 801 et
1290 742 1462 801 co'rr.
1500 738 1601 811 A,
1626 735 1841 820 δωρεά.
1875 756 2058 821 quam
2082 738 2435 804 exercitum.

979 842 1314 909 exercitum
1354 841 1547 907 educit
1586 843 1660 905 B.

968 1008 973 1015 .
1024 1009 1029 1013 .
1065 947 1170 1013 20.
1221 948 1551 1010 accersitur
1592 945 1765 1009 PFT.

1061 1051 1169 1113 21.
1217 1059 1357 1114 sunt
1397 1051 1471 1114 T.

1063 1154 1170 1216 22.
1216 1150 1345 1236 uia]
1393 1155 1628 1218 ratione
1669 1155 1744 1218 R.

1063 1258 1169 1320 26.
1227 1258 1806 1339 quaerenda‘ratio
1877 1268 1964 1323 est
2030 1278 2182 1341 quae
2249 1259 2436 1332 PAB,

977 1362 1317 1445 quaerenda
1373 1370 1457 1424 est
1509 1363 1671 1426 ratio
1723 1381 1875 1446 quae
1931 1363 2057 1427 RT.
2133 1360 2442 1427 omittunt

977 1463 1174 1548 igitur
1216 1456 1398 1529 Ratio
1443 1474 1549 1529 est.

1068 1570 1176 1633 27.
1222 1577 1446 1634 orestes
1498 1570 1810 1652 confitetur
1863 1571 2069 1636 PAFR
2106 1576 2170 1635 et
2213 1588 2314 1655 pr.
2357 1570 2437 1644 T,

984 1690 1080 1742 or.
1112 1692 1249 1736 cum
1283 1675 1552 1756 fateatur
1593 1692 1763 1739 corr.
1797 1676 1871 1737 T.

1067 1786 1173 1850 28.
1215 1796 1471 1851 matrem
1512 1788 1797 1853 occidisse
1837 1789 1912 1854 B.
1964 1821 2040 1838 -
2073 1787 2443 1872 peruerterit

981 1889 1267 1966 PABFR,
1302 1894 1600 1974 peruertit
1644 1893 1718 1956 T.

871 2088 875 2091 Α
972 2018 977 2023 ·
1065 2003 1174 2066 29.
1223 2024 1366 2087 erqo
1407 2014 1475 2067 ut
1517 2005 1693 2088 affert
1735 2005 1812 2069 R.
1864 2038 1941 2052 --
1983 2002 2079 2089 ne]
2125 2024 2233 2068 nec
2274 2005 2346 2069 Β.

978 2118 983 2123 ’
1065 2108 1170 2173 31.
1217 2116 1416 2189 εεεδοα
1456 2111 1526 2173 Β.
1573 2143 1655 2155 -
1698 2105 1792 2192 ne]
1840 2128 1947 2173 nec
1988 2110 2073 2185 T,
2114 2129 2298 2192 neque
2344 2108 2412 2174 F.

1065 2224 1171 2287 33.
1214 2221 1279 2285 id
1319 2222 1476 2305 quod
1516 2221 1778 2306 (omisso
1823 2221 1930 2308 est)
1973 2222 2151 2287 AFR.

1067 2336 1176 2401 32.
1223 2335 1296 2398 Id
1337 2338 1725 2400 constituetur
1751 2336 1782 2383 -'
1807 2369 1838 2384 -
1863 2371 1894 2384 -
1935 2332 2167 2401 ratione
2196 2355 2326 2401 om.
2360 2338 2435 2398 R.

1070 2450 1174 2513 35.
1219 2450 1453 2512 ratione
1494 2448 1606 2512 hoc
1646 2450 1844 2513 modo.
1881 2470 2004 2514 non
2044 2451 2147 2513 abs
2188 2446 2443 2529 (mediis

983 2548 1252 2634 omissis)
1319 2551 1366 2615 P
1433 2558 1496 2617 et
1549 2571 1650 2638 pr.
1710 2542 1815 2616 F.'
1874 2556 1973 2633 (ln
2024 2555 2070 2619 P
2128 2561 2269 2619 ante
2321 2571 2445 2616 non

984 2676 1111 2721 una
1154 2653 1359 2721 littera
1401 2654 1655 2723 videtur
1686 2657 1924 2743 erasa.)

1068 2762 1170 2827 36.
1215 2748 1372 2825 enim
1414 2780 1541 2825 om.
1582 2781 1713 2827 rec.
1758 2764 1828 2826 F.

1076 2923 1226 3007 Pag.
1263 2920 1363 2988 14.
1395 2942 1468 2988 ·v.
1506 2923 1565 2988 1.
1650 2916 1851 3005 pacto]
1918 2920 2091 2984 modo
2135 2922 2342 2986 ABRT
2384 2927 2447 2986 et

982 3044 1081 3091 re.
1111 3027 1182 3090 F.
1207 3059 1290 3078 --
1316 3027 1421 3090 sd
1448 3045 1577 3091 om.
1614 3028 1691 3091 A.
1720 3059 1804 3074 -—
1828 3023 2128 3110 marquart
2151 3035 2348 3091 tamen
2368 3027 2442 3090 R.

1067 3131 1133 3195 2.
1170 3149 1429 3213 poenam
1468 3131 1545 3195 R.

974 3269 979 3275 ·
1070 3236 1132 3300 3.
1173 3243 1464 3299 nascatur
1505 3236 1731 3318 questio
1770 3236 1846 3299 B.

1070 3341 1134 3405 5.
1183 3348 1237 3403 et
1256 3340 1493 3405 ratione
1513 3339 1853 3422 defensione
1871 3338 1942 3404 F.
1978 3372 2064 3394 —·
2105 3341 2253 3406 dicit
2277 3341 2444 3405 R.—

984 3463 1047 3509 se
1089 3452 1310 3508 orestes
1351 3446 1423 3509 T.
2248 3489 2251 3494 -

1074 3550 1135 3613 6.
1168 3549 1374 3631 patris
1391 3548 1729 3614 ulciscendi.
1740 3545 2002 3634 (omisso
2028 3547 2236 3635 causa)
2257 3567 2358 3635 pt.
2377 3551 2443 3625 P,

974 3654 1185 3737 patris
1222 3655 1408 3717 c'moea
1436 3654 1757 3718 ulciscendi
1783 3655 1860 3728 F,
1904 3674 2091 3719 causa
2109 3655 2314 3737 patris
2353 3655 2448 3717 ul-

984 3757 1248 3822 ciscendi
1272 3760 1341 3822 T.
1360 3757 1590 3840 (patris
1613 3759 1821 3821 ulcisc.
1842 3777 2027 3822 causa
2042 3777 2213 3825 corr.
2230 3777 2324 3823 rc.
2344 3757 2446 3841 P.)

988 3896 1073 3911 -
1117 3863 1246 3925 siue
1286 3861 1512 3926 iudicio
1555 3882 1596 3925 a
1631 3863 1761 3945 filio
1801 3862 2135 3926 PABFRT.

1074 3969 1139 4031 7.
1182 3966 1616 4048 clytemestram
1635 3967 1712 4042 P,
1770 3967 2183 4032 clitimestram
2202 3967 2283 4042 Β,
2325 3965 2448 4049 cly-

986 4079 1340 4136 tomestram
1379 4072 1503 4134 FT.
1551 4105 1633 4117 —
1675 4071 1936 4155 reperiri
1978 4072 2051 4134 Β.

1079 4178 1180 4241 10.
1227 4176 1613 4258 reperiuntur
1654 4176 1729 4239 Β.

1078 4283 1177 4345 11.
1220 4281 1714 4345 constitutionem.
1798 4282 1874 4346 In
1914 4303 1985 4347 ea
2025 4301 2125 4368 pr.
2159 4284 2243 4357 P,
2309 4299 2448 4347 cow-

989 4385 1320 4450 stitutione.
1407 4385 1486 4447 In
1526 4403 1597 4448 ea
1635 4384 1685 4448 F
1729 4389 1793 4448 et
1829 4402 1995 4451 corr.
2031 4389 2101 4451 P.

1080 4491 1181 4553 12.
1228 4496 1475 4572 negetur
1513 4489 1587 4554 Β.

990 4669 995 4674 ,
1080 4595 1181 4658 13.
1221 4576 1595 4676 infitiatione]
1642 4591 2041 4674 infirmatione
2083 4592 2156 4657 B.

1082 4698 1183 4762 14.
1229 4692 1510 4778 Intentio]
1576 4696 1824 4760 intentio
1881 4705 1966 4761 est
2018 4699 2095 4765 R.
2164 4729 2248 4747 —
2303 4697 2447 4781 Infi-

992 4796 1192 4887 tiatio]
1236 4798 1577 4886 Infirmatio
1616 4801 1691 4866 B.

2600 738 2697 803 18.
2742 746 2916 801 erum
2947 736 3158 820 plures
3198 736 3323 799 FT.
3386 766 3465 785 —-
3529 736 3630 800 sed
3669 745 3727 801 et
3766 754 3969 801 omnes

2511 842 2790 905 PAFRT.
2838 874 2920 888 --
2962 841 3349 923 reperiuntur
3388 841 3514 903 AF.

2601 956 2703 1019 19.
2749 952 3060 1017 dicendum
3100 953 3294 1017 adhuc
3333 956 3407 1017 B.

2596 1068 2701 1131 20.
2748 1066 3097 1148 maqnitudo
3137 1067 3320 1130 huius
3356 1068 3686 1131 uolmninis
3726 1070 3797 1132 Β.

2598 1182 2703 1243 22.
2741 1181 2940 1262 possit
2976 1187 3148 1243 tuum
3187 1181 3535 1264 defatiqatio
3577 1182 3847 1245 animum
3887 1184 3935 1246 B
3949 1227 3966 1254 ,

2514 1285 2785 1348 animum
2826 1292 2995 1346 tuum
3026 1285 3225 1366 possit
3266 1284 3603 1367 desetiqatio
3646 1286 3719 1348 T.

2599 1401 2701 1462 23.
2746 1399 3078 1467 retardare.
3164 1399 3237 1463 Si
3278 1418 3394 1481 quo
3423 1398 3657 1461 tardius
3700 1396 3969 1478 (omisso

2514 1505 2644 1584 sed)
2686 1506 2733 1568 P
2762 1510 2825 1568 et
2856 1521 2955 1587 pr.
2979 1506 3077 1577 T,
3142 1503 3478 1567 retardare.
3568 1502 3639 1565 Si
3680 1522 3795 1583 quo
3840 1511 3968 1565 tar—

2514 1607 2625 1670 dus
2682 1607 2950 1687 (omisso
2994 1608 3110 1672 Sed
3165 1613 3229 1672 et
3278 1606 3475 1672 erasis
3516 1601 3739 1672 litteris
3781 1625 3861 1668 uo
3904 1604 3969 1668 in

2514 1709 2658 1794 quo)
2678 1713 2756 1788 F,
2787 1713 3122 1777 retardare.
3190 1712 3309 1777 Sed
3332 1713 3615 1796 quoniam
3635 1708 3872 1772 tardius
3888 1708 3963 1772 R.

2599 1816 2705 1879 24.
2753 1812 2956 1900 quum]
3004 1824 3132 1878 tum
3173 1817 3301 1879 ΒΤ.

2600 1920 2706 1983 26.
2753 1919 3115 1983 diminutum
3155 1919 3293 1991 BT,
3335 1917 3672 1982 industriae
3710 1918 3837 1982 BT.

2600 2023 2703 2090 27.
2745 2032 2802 2088 et
2844 2025 2912 2086 in
2950 2031 3157 2086 nostro
3198 2022 3268 2086 in
3307 2030 3364 2085 te
3403 2040 3503 2107 pr.
3533 2023 3604 2085 P.

2599 2185 2744 2266 Pag.
2778 2187 2879 2249 15.
2927 2204 2989 2249 v.
3028 2186 3088 2250 1.
3178 2184 3330 2253 libro
3360 2185 3570 2267 primo
3611 2181 3686 2247 Β.

2607 2289 2666 2351 1.
2713 2298 3018 2354 oratorem
3077 2290 3339 2372 recipere
3402 2290 3642 2364 AFRT,
3713 2284 3971 2368 recipere

2517 2399 2787 2455 oratores
2826 2393 2899 2456 B.

2602 2498 2666 2559 2.
2715 2497 2925 2581 quibus
2955 2496 3238 2579 partibus
3277 2496 3507 2579 ‘officiis
3558 2492 3767 2578 (officii
3811 2496 3858 2559 F
3908 2501 3971 2558 et

2516 2618 2618 2685 pr.
2660 2600 2713 2663 A
2732 2646 2749 2673 ‚
2807 2601 3008 2682 officia
3045 2597 3124 2683 R)
3165 2602 3326 2671 artis
3357 2600 3635 2667 PAFRT.
3726 2601 3827 2675 (In
3870 2599 3969 2661 PR

2520 2706 2791 2768 secunda
2845 2722 3065 2768 manus
3118 2702 3432 2787 vulgatam
3483 2700 3815 2775 lectionem
3860 2718 3972 2767 ex-

2519 2804 2741 2889 hibet.)

2601 2912 2668 2977 4.
2715 2906 2882 2996 quia]
2928 2911 3084 2996 quod
3123 2912 3356 2987 PBFT,
3423 2912 3529 2995 qui
3568 2909 3641 2977 Δ.
3691 2944 3775 2958 -
3841 2927 3975 2974 nec-

2519 3037 2629 3099 que
2671 3018 2761 3091 A,
2803 3037 2910 3080 nec
2937 3021 3010 3082 T.
3058 3051 3142 3065 -
3172 3024 3415 3100 poterat
3436 3016 3618 3079 simul
3638 3015 3762 3079 dici
3786 3015 3860 3078 R.
3890 3047 3973 3062 -

2518 3121 2812 3185 maximis
2853 3122 3026 3186 rebus
3055 3122 3333 3204 primum
3373 3120 3708 3188 PABFRT.

2605 3237 2667 3300 6.
2707 3235 2978 3318 itaqueR
2998 3242 3062 3300 et
3080 3253 3251 3302 corr.
3273 3237 3345 3301 T.
3369 3267 3451 3282 —
3480 3230 3688 3319 esscttt]
3706 3235 3965 3300 enmtA.

2604 3341 2668 3403 7.
2716 3340 3103 3403 scriberemus
3142 3338 3422 3403 PAFRT.

2605 3444 2669 3508 8.
2716 3461 2939 3525 qenera
2978 3451 3118 3506 sunt
3159 3443 3385 3512 PABT.

2605 3548 2669 3611 9.
2717 3548 2999 3616 iudiciale
3038 3548 3443 3614 estPAFRT.
3769 3605 3774 3610 .

2611 3653 2712 3715 10.
2761 3651 2938 3714 libro.
2985 3651 3055 3714 de
3095 3653 3366 3718 oratoris
3419 3653 3637 3735 officiis
3688 3655 3966 3738 quinque.

2521 3756 2787 3820 inuenti«)
2829 3755 2908 3830 P,
2951 3755 3106 3818 libro
3137 3756 3367 3838 eqimus
3383 3805 3400 3833 ,
3442 3777 3580 3821 cum
3607 3759 3679 3822 de
3707 3759 3972 3822 oratoris

2521 3862 2738 3944 officiis
2780 3867 3180 3926 tractaremus
3221 3862 3503 3945 qtanque,
3558 3883 3815 3946 quorum
3875 3863 3973 3924 in-

2520 3966 2721 4031 uentio
2762 3966 2897 4042 AB,
2954 3965 3105 4028 libro
3147 3967 3401 4049 eqimus,
3468 3988 3604 4033 cum
3658 3969 3729 4030 de
3769 3975 3973 4029 orato-

2520 4072 2640 4136 riis
2679 4079 3077 4135 tractaremus
3117 4072 3336 4154 officiis
3375 4073 3660 4155 quinque,
3715 4087 3974 4152 quorum

2520 4177 2786 4241 inuentio
2829 4176 2876 4237 F
2887 4220 2905 4251 ,
2949 4176 3104 4239 libro
3144 4176 3390 4258 eqimus.
3435 4191 3571 4242 cum
3610 4175 3680 4239 de
3707 4174 3974 4237 oratoris

2521 4281 2736 4363 officiis
2777 4282 3174 4346 tractauimus
3225 4296 3282 4348 ν.
3347 4298 3604 4362 quorum
3652 4289 3716 4347 V.
3764 4276 3975 4342 inuen-

2521 4386 2606 4449 tio
2650 4386 2723 4448 T.

2611 4490 2713 4553 11.
2761 4509 2832 4552 ea
2872 4507 3097 4571 quoque
3138 4487 3316 4551 FRT.

2612 4594 2712 4658 12.
2762 4593 2862 4656 sed
2904 4611 3031 4657 om.
3072 4593 3190 4656 PF.
3224 4625 3311 4639 -
3339 4600 3583 4675 partem
3595 4606 3867 4672 paruam
3892 4588 3964 4654 Τ.

2611 4698 2712 4766 13.
2761 4698 3004 4761 tertium
3029 4696 3198 4759 aliud
3226 4697 3499 4765 volumen
3531 4698 3605 4762 T.
3638 4727 3721 4745 --
3770 4703 3971 4766 nans-

2516 4801 2777 4887 scremus
2814 4800 2915 4867 ubi
2956 4799 3026 4867 de
3076 4801 3149 4865 T.
