4620 5864
1156 627 1261 691 AD
1307 624 1655 690 HERENN.
1701 625 1851 690 LIB.
1894 626 2001 691 ul.
2084 624 2257 691 CAP.
2310 622 2651 692 21—L113.
2699 624 2805 691 lv.
2898 624 3067 692 CAP.
3120 628 3179 692 1.

743 826 807 887 2.
855 819 1113 909 infinita]
1152 824 1332 905 finita
1372 842 1470 910 pr.
1524 824 1595 888 P.
1640 854 1716 868 -
1748 825 1923 888 modo
1956 825 2126 891 aliud
2172 848 2179 859 ·

665 930 866 994 semel
902 934 1253 1011 posuerunt
1292 929 1418 991 AF.
1460 962 1543 975 —
1591 948 1701 993 nos
1748 949 1878 995 om.
1930 935 2003 996 T.
2038 964 2122 980 -—

662 1034 983 1099 uerborum
1024 1035 1094 1098 F.

750 1140 812 1203 3.
856 1158 968 1203 cur
1012 1158 1141 1202 om.
1192 1140 1264 1213 F,
1321 1143 1629 1203 mutatum
1681 1138 1748 1202 in
1798 1156 1934 1202 cum
1990 1139 2116 1204 del.

662 1264 829 1308 corr.
875 1245 946 1307 P.

743 1350 807 1411 5.
855 1369 964 1430 que
1009 1368 1137 1410 om.
1184 1367 1283 1434 pr.
1332 1348 1403 1410 P.
1432 1382 1513 1393 -·
1553 1344 1962 1430 similitudine]
1989 1367 2127 1410 cum

660 1452 1051 1541 similitudine
1075 1454 1146 1515 B.
1178 1484 1258 1495 -—
1279 1452 1442 1515 alius
1463 1453 1593 1516 alia
1611 1454 1680 1526 B,
1703 1453 1832 1516 alia
1857 1450 2122 1532 (omisso

662 1556 855 1636 alius)
892 1557 962 1617 F.
1002 1590 1086 1602 —
1121 1564 1563 1618 commoneatur
1585 1556 1656 1618 B.

747 1661 808 1722 6.
855 1661 911 1721 si
948 1679 1076 1721 om.
1105 1660 1177 1721 Β.
1210 1693 1294 1705 -
1326 1654 1528 1740 quam]
1573 1678 1693 1741 qua
1719 1659 1796 1721 A.

748 1766 811 1828 7.
859 1764 1137 1826 babemus
1191 1770 1589 1826 assentatores
1648 1764 1722 1836 Β,
1788 1782 2125 1832 assensores
2178 1792 2183 1793 ff

663 1868 947 1931 babemus
966 1871 1038 1931 Τ.
1075 1901 1151 1911 -·
1177 1862 1288 1950 ita]
1323 1869 1463 1928 item
1485 1866 1738 1928 PABFT
1763 1872 1827 1929 et
1849 1886 2015 1929 corr.
2042 1867 2118 1930 R.

666 1973 846 2034 —in
870 1992 999 2034 om.
1033 1972 1203 2033 PBF.

755 2077 817 2139 8.
864 2084 1009 2139 nota
1034 2077 1114 2139 sit
1132 2075 1364 2147 QPAFR
1403 2082 1539 2137 note
1566 2075 1689 2138 sint
1717 2077 1785 2145 Β,
1809 2082 2018 2138 notata
2046 2077 2126 2138 sit

668 2183 739 2243 T.
765 2214 849 2227 —
879 2200 948 2242 ea
970 2200 1037 2260 p.
1071 2180 1350 2242 uideatur
1384 2180 1645 2258 insiqnis
1672 2178 1950 2243 PAFRT.

754 2286 849 2348 10.
886 2278 1315 2365 praeceptoris]
1363 2281 1627 2345 doctoris
1659 2283 1755 2344 uel
1781 2291 2126 2364 praecepto-

666 2388 758 2450 ris
783 2390 848 2451 B.
881 2422 963 2435 -
994 2383 1226 2469 quaeri]
1260 2395 1513 2467 quaerat
1542 2388 1613 2450 R.

755 2493 856 2555 11.
897 2486 1170 2573 quidque]
1220 2490 1506 2571 quidquid
1545 2491 1620 2552 R.
1657 2524 1736 2538 —
1776 2485 1851 2572 et]
1899 2498 2007 2552 aut
2047 2494 2120 2556 R.

675 2630 750 2643 -
783 2591 1047 2677 aliquod]
1096 2593 1328 2675 aliquid
1371 2595 1445 2667 T,
1492 2592 1662 2655 aliud
1701 2594 1945 2675 aliquod
1985 2596 2058 2656 B.

762 2702 860 2762 13.
909 2699 1170 2759 subicere
1213 2699 1332 2760 FT.
1364 2729 1447 2741 —
1475 2697 1819 2765 dilucidior.
1865 2698 2021 2778 quod
2060 2698 2129 2761 de

675 2804 841 2875 PAF,
884 2802 1226 2864 dilucidior.
1271 2800 1758 2882 quemadmodum
1798 2821 1934 2864 cum
1960 2802 2030 2865 de
2057 2804 2128 2865 T.

760 2908 861 2970 14.
908 2923 1127 2988 qenera
1168 2939 1195 2951 -
1221 2940 1252 2953 -
1297 2904 1671 2968 arbitramur
1697 2921 1824 2969 om.
1855 2905 2024 2969 PAF.
2046 2940 2129 2954 --

671 3009 781 3095 ita]
828 3013 970 3073 item
1010 3013 1083 3074 B.

764 3117 863 3177 16.
910 3114 1086 3179 Num
1134 3114 1456 3176 uerborum
1512 3110 1794 3190 (omissis
1835 3132 1908 3175 ne
1943 3112 2132 3195 forte)

672 3238 772 3304 pr.
823 3218 913 3292 A,
973 3219 1148 3281 Nunc
1199 3237 1273 3280 ne
1326 3217 1646 3280 uerborum
1702 3236 1867 3281 corr.
1925 3219 2001 3280 A.
2051 3248 2126 3260 -

674 3319 880 3405 nimis]
928 3323 1128 3385 minus
1170 3323 1293 3384 FT.

769 3429 868 3488 17.
918 3426 1285 3488 arbitremur
1311 3425 1382 3498 P,
1433 3423 1751 3488 arbitreris
1787 3426 1912 3488 RT.
1956 3455 2036 3469 —-
2081 3434 2138 3487 et

680 3549 807 3594 om.
859 3530 1080 3593 PFRT.
1138 3563 1217 3574 —
1261 3530 1645 3609 ipsarumque
1688 3531 1759 3592 T.
1802 3561 1891 3576 -
1930 3547 2136 3592 rerum

680 3653 805 3698 om.
850 3652 945 3718 pr.
989 3632 1059 3695 P.
1248 3669 1249 3672 =

770 3740 868 3801 18.
917 3736 1073 3819 quod
1098 3733 1172 3818 et]
1199 3755 1349 3817 quae
1378 3736 1446 3798 F.
1481 3769 1564 3786 --
1588 3736 1900 3816 facultatis
1926 3754 2026 3820 pr.
2062 3738 2130 3800 P.

771 3844 870 3904 19.
919 3842 1270 3903 memoriam
1298 3840 1676 3921 inprobemus
1711 3837 2136 3919 (omissorum)

683 3946 730 4008 P
746 3991 762 4017 ,
818 3946 1108 4009 memria
1149 3963 1273 4006 non
1312 3943 1677 4024 improbetur
1717 3946 1792 4007 R.
1844 3976 1922 3986 -—
1955 3952 2140 4024 puta—

685 4069 819 4111 mus
859 4069 981 4112 non
1022 4056 1292 4128 oportere
1336 4049 1409 4111 T.

770 4154 875 4215 20.
917 4148 1117 4234 facile]
1134 4153 1333 4233 facere
1355 4151 1910 4222 BF.-meminisse
1924 4169 2049 4216 om.
2067 4153 2138 4214 B.

770 4258 874 4319 22.
922 4265 988 4318 ut
1044 4276 1100 4318 υ.
1163 4274 1243 4316 m.
1292 4256 1600 4336 possimus
1654 4273 1777 4322 om.
1822 4255 1994 4318 PAF.
2057 4290 2138 4303 —

594 4416 597 4419 ⁴
686 4357 911 4442 versus]
959 4378 1104 4420 usus
1147 4362 1219 4421 T.

770 4462 876 4523 24.
923 4463 1305 4543 confirmetur
1345 4469 1400 4524 et
1440 4462 1555 4524 hac
1596 4465 1668 4525 T.

774 4567 876 4627 27.
958 4562 1401 4648 μνημονικοῖς]
1488 4565 1815 4630 nemonicis
1886 4584 1986 4649 pr.
2056 4565 2137 4640 P,

688 4669 995 4731 memoriis
1037 4671 1295 4732 ABFRT
1340 4676 1402 4731 et
1455 4687 1621 4732 corr.
1673 4669 1739 4732 P.
1787 4703 1871 4715 —
1912 4671 2134 4734 labore.

689 4774 885 4834 studio
931 4774 1004 4834 T.

772 4876 873 4941 28.
921 4877 1319 4956 conprobatur
1359 4875 1479 4941 PT.
1513 4910 1592 4924 -
1638 4884 1693 4940 et
1736 4894 1863 4940 om.
1897 4879 1969 4941 R.

3539 626 3654 700 37·

2284 826 2391 889 29.
2438 810 2656 891 curm
2699 828 2955 910 poteris.
3008 828 3374 911 imoeqinibus
3425 846 3526 914 pr.
3581 830 3648 903 P,

2199 951 2416 996 curare
2426 933 2665 997 debebis.
2688 933 3062 1016 Imaqiuibus
3083 934 3154 1005 A,
3172 951 3390 997 curare
3405 932 3558 997 debe.
3570 952 3646 995 .s.

2198 1037 2274 1099 In
2314 1038 2677 1119 imaqinibus
2705 1040 2775 1102 F.
2824 1036 3065 1122 (curare
3101 1036 3347 1101 debebis.
3394 1039 3469 1100 In
3496 1038 3653 1100 ima-

2197 1140 2440 1221 qinibus
2482 1157 2647 1204 corr.
2698 1140 2804 1221 P.)

2282 1246 2387 1308 30.
2433 1246 2704 1308 exerceri
2744 1246 3002 1327 quotidie
3042 1240 3301 1327 (cottidie
3335 1244 3476 1324 AT)
3517 1263 3657 1308 con-

2197 1349 2361 1410 uenit
2403 1347 2633 1422 PABF,
2680 1350 2892 1412 cotidie
2933 1350 3207 1412 conuenit
3246 1350 3517 1412 exerceri
3564 1351 3612 1412 Β
3633 1393 3652 1421 ,

2197 1451 2459 1532 quotidie
2502 1454 2815 1516 conueniat
2857 1456 3131 1516 exerceri
3172 1454 3244 1516 R.
3283 1468 3368 1499 ·—-
3394 1447 3455 1535 a]
3489 1452 3555 1515 in
3582 1454 3650 1515 B.

2286 1557 2391 1618 31.
2440 1552 2549 1638 ita]
2599 1558 2739 1619 item
2781 1557 2952 1619 PFT.

2286 1661 2390 1724 32.
2436 1661 2592 1723 enim
2634 1669 2718 1723 est
2761 1660 2837 1723 R.

2284 1765 2391 1826 34.
2440 1760 2614 1846 quod]
2664 1784 2778 1846 quo
2802 1823 2810 1831 ,
2832 1767 2904 1827 Τ.

2284 1868 2387 1931 35.
2432 1875 2732 1949 tantopere
2776 1868 2897 1937 PT.

2201 1988 2298 2053 pr.
2348 1972 2415 2033 P.

2285 2076 2391 2139 36.
2438 2072 2716 2158 utilitate]
2773 2075 2920 2139 utile
2971 2075 3066 2138 A.
3113 2108 3195 2123 —
3249 2082 3304 2138 te
3344 2073 3663 2137 adhortari

2200 2178 2370 2248 PAF,
2416 2187 2470 2240 te
2512 2198 2640 2242 rem
2682 2180 2990 2242 cohortari
3032 2180 3106 2241 R.

2285 2283 2391 2344 37.
2439 2290 2547 2345 aut
2590 2279 2716 2366 tuo]
2766 2291 2873 2345 aut
2912 2301 3033 2345 um
3070 2299 3170 2365 pr.
3204 2282 3272 2352 P,
3331 2289 3438 2343 aut
3463 2289 3663 2344 uestro

2203 2404 2369 2449 corr.
2412 2385 2480 2459 P,
2523 2396 2632 2449 aut
2673 2395 2741 2448 tu
2776 2394 2986 2449 nostro
3029 2393 3136 2448 aut
3175 2404 3287 2448 nos
3328 2393 3431 2448 tuo
3473 2385 3650 2449 ΑΕΒ.

2202 2522 2287 2536 -
2329 2490 2513 2571 diffisi
2555 2489 2751 2553 studio
2793 2491 2863 2553 B.

2288 2593 2434 2676 Pag.
2474 2576 2578 2657 59.
2628 2613 2690 2658 v.
2737 2596 2796 2657 1.
2885 2593 3166 2656 uideatur
3205 2591 3278 2654 F.

2288 2700 2351 2761 2.
2393 2700 2706 2780 frequenta
2748 2706 2848 2759 tuo
2893 2706 2946 2759 et
2991 2699 3063 2760 T.

2288 2801 2354 2865 4.
2403 2802 2554 2863 libro
2597 2803 2708 2863 hoc
2741 2804 2807 2866 T.
2841 2836 2923 2846 —-
2969 2802 3030 2866 C.
3077 2818 3205 2865 om.
3243 2800 3571 2865 PABFRT.

2290 2907 2351 2970 7.
2390 2906 2742 2987 faciundum
2777 2905 2900 2968 AF.

2290 3010 2353 3074 8.
2401 3009 2592 3091 Atque
2633 3012 2738 3074 hec
2780 3010 3203 3075 necessitudine
3229 3029 3339 3073 nos
3361 3011 3560 3091 facere
3590 3010 3668 3073 B.

2291 3115 2352 3176 9.
2395 3114 2551 3176 nihil
2592 3133 2720 3177 om.
2755 3116 2828 3177 B.
2876 3149 2957 3162 --
2990 3110 3256 3196 praeter]
3295 3121 3435 3195 post
3478 3115 3546 3177 T.

2298 3219 2399 3280 10.
2446 3217 2718 3284 diximus
2760 3219 2831 3280 R.

2298 3324 2400 3385 11.
2447 3317 2536 3402 ut]
2581 3323 2761 3384 utiB

2300 3426 2396 3489 12.
2439 3426 2726 3506 iutelliqis
2767 3427 2853 3500 A,

2211 3531 2368 3612 quod
2411 3531 2478 3592 F.

2301 3635 2401 3697 14.
2440 3629 2678 3716 putant]
2729 3634 3035 3715 disputant
3078 3633 3200 3697 AF.

2301 3740 2401 3801 15.
2447 3738 2802 3801 uniuscuius
2832 3733 3665 3819 qenerisT.—ab]autabR.
3705 3735 3706 3738 ’

2302 3842 2402 3903 16.
2453 3850 2558 3902 aut
2601 3862 2640 3903 a
2676 3849 2853 3923 poeta
2895 3845 3020 3907 RT.

2303 3945 2402 4009 17.
2442 3945 2634 4009 dicent
2676 3947 2747 4008 F.

2303 4049 2403 4112 18.
2451 4050 2550 4111 sed
2591 4049 2772 4111 etiam
2813 4049 2976 4130 ipsos
3015 4048 3213 4110 uideri
3255 4048 3426 4119 PBR.
3478 4049 3578 4111 sed
3619 4058 3671 4111 et

2214 4153 2282 4215 in
2322 4153 2485 4232 ipsos
2525 4153 2723 4215 uideri
2763 4154 2817 4214 A
2845 4199 2861 4222 ,
2919 4152 3019 4214 sed
3059 4161 3112 4215 et
3155 4153 3318 4232 ipsos
3359 4153 3558 4216 uideri
3599 4155 3664 4225 F,

2215 4256 2315 4318 sed
2356 4257 2517 4337 ipsos
2561 4256 2758 4318 uideri
2802 4259 2874 4318 T.
2925 4288 3003 4300 —
3048 4256 3242 4337 inquit
3283 4257 3355 4318 F.

2949 1900 3034 1914 —
3075 1868 3231 1949 quod
3275 1883 3402 1930 om.
3451 1865 3554 1935 AF
3598 1872 3661 1930 et

2907 3425 3206 3508 intelliqas
3246 3427 3320 3487 B.
3368 3459 3451 3472 -
3493 3421 3656 3507 quid]

2300 4361 2403 4421 20.
2447 4369 2638 4421 artem
2679 4358 2975 4420 ostendere
3017 4360 3089 4422 B.

2300 4466 2402 4526 21.
2444 4463 2602 4525 alios
2638 4497 2673 4510 -
2707 4493 2734 4507 -
2774 4462 3039 4526 deridere
3082 4480 3209 4526 om.
3262 4461 3438 4525 PAT.
3488 4459 3668 4541 (add.

2216 4587 2309 4630 rc.
2359 4584 2485 4650 mg.
2535 4563 2629 4648 P.)

2298 4672 2402 4735 23.
2446 4689 2675 4733 sumere
2710 4670 2980 4741 PABFT‚
3011 4688 3139 4733 om.
3172 4669 3246 4733 R.
3274 4702 3359 4717 —-
3389 4665 3673 4798 uideatur

2217 4776 2291 4835 A.
2342 4810 2421 4822 --
2465 4776 2854 4855 arroqantiae
2897 4792 3065 4837 corr.
3117 4775 3186 4835 P.

2299 4878 2401 4942 25.
2446 4877 2521 4939 Id
2562 4873 2739 4961 euim]
2786 4877 3033 4940 Etenim
3073 4878 3295 4968 PFRT.
