4620 5864
1413 618 1544 683 AD.
1596 617 1949 682 HERENN.
1994 619 2150 683 ΠΒ.
2198 614 2305 685 Ν.
2398 620 2570 686 CAP.
2619 624 2889 689 8—111.

738 839 797 908 8.
827 846 1023 923 potest
1062 834 1203 922 esse]
1250 856 1372 902 esse
1400 843 1617 929 potest
1638 838 1707 911 Β,
1751 837 1819 900 in
1845 838 2106 902 amentia

638 951 835 1024 potest
877 965 998 1008 esse
1046 946 1117 1008 T.

710 1049 794 1110 ’9.
841 1056 1148 1111 attenuato
1178 1044 1454 1110 PABFT.
1503 1078 1589 1092 —
1636 1039 1813 1127 quod]
1857 1046 1923 1107 id
1949 1047 2105 1127 quod

644 1152 818 1217 PFT.
842 1187 926 1200 —
948 1151 1337 1215 cottidianum
1366 1150 1490 1222 AT,
1537 1149 1903 1212 cotidianum
1937 1150 2008 1212 Β.

735 1259 834 1320 11.
883 1253 1164 1341 inJutR
1209 1254 1388 1316 adT.
1590 1268 1593 1271 ·

731 1362 829 1424 12.
873 1360 965 1424 ire
1001 1376 1127 1422 om.
1154 1358 1384 1420 PART.
1426 1354 1595 1437 (Post
1627 1355 1730 1418 ubi
1757 1338 1981 1419 inserit
2006 1356 2099 1418 ire

3528 630 3635 701 48

2266 820 2328 888 5.
2373 820 2531 883 dedit
2594 823 2670 884 R.
2733 856 2819 871 -—
2876 823 3145 906 depultus
3185 827 3375 909 fuerit
3420 829 3498 894 Β.
3550 863 3634 880 --·

2181 924 2430 986 lacunae
2451 944 2548 1009 pr.
2583 926 2652 988 P.
2686 961 2769 975 --
2793 928 3022 991 Penitet
3051 929 3346 995 PABFT..

2264 1030 2325 1090 7.
2358 1031 2708 1115 plerumque
2725 1033 2894 1094 Β.--
2909 1032 3226 1118 declinant]
3248 1036 3637 1102 declinassent

2177 1132 2380 1195 PAFT
2399 1178 2417 1206 ,
2481 1152 2621 1199 cum
2682 1138 3136 1202 declinauissent
3178 1140 3302 1201 BR.
3355 1173 3434 1188 -—
3489 1139 3627 1227 quo]

2177 1239 2281 1317 qui
2325 1237 2444 1299 PF.

2259 1342 2320 1403 8.
2365 1341 2725 1406 aberrarunt
2753 1344 2980 1408 PAFT.
3008 1378 3091 1392 --
3138 1344 3347 1431 specie]
3388 1371 3487 1431 spe
3525 1372 3624 1434 pr.

641 1484 732 1528 rc,
766 1482 931 1527 corr,
967 1460 1062 1547 Ρ,)
1095 1495 1179 1509 -.
1200 1461 1606 1524 descenderem
1634 1479 1730 1544 pr„
1764 1460 1833 1522 Ρ,
1867 1479 2100 1523 ...0000
2173 1444 2244 1520 P,
2293 1455 2348 1508 et
2385 1447 2572 1528 specie
2611 1451 2819 1511 AFRT
2867 1456 2932 1513 et
2970 1468 3136 1513 corr.
3183 1451 3253 1515 P.
3280 1486 3364 1500 —-
3388 1455 3630 1535 fallitur

636 1566 979 1734 τώίἶξπηξ.
993 1670 1166 1753 modo
1186 1672 1309 1734 BR.
1332 1703 1417 1717 -—
1439 1669 1839 1751 pulsauenmt
1860 1668 2088 1732 BFRT.

724 1775 826 1837 14.
866 1771 1071 1857 quiid]
1105 1775 1261 1856 quod
1280 1775 1348 1847 F,
1388 1782 1514 1835 om.
1544 1790 1640 1857 pr.
1669 1773 1746 1835 A.

725 1880 825 1941 15.
871 1875 1010 1960 Iste]
1060 1880 1209 1940 Item
1250 1877 1320 1949 A,
1364 1877 1475 1939 Ille
1508 1878 1580 1944 B.

2172 1570 2271 1631 pr.
2320 1550 2389 1612 P.
2415 1555 2858 1635 —prospicere
2900 1556 3127 1618 ABFR.

2259 1655 2359 1717 10.
2391 1659 2701 1736 potuerint
2734 1660 2927 1721 BF‘et
2952 1678 3116 1723 corr.
3148 1660 3218 1736 P,
3241 1714 3246 1719 .
3255 1656 3525 1744 poterint
3551 1665 3626 1739 A,

2162 1766 2442 1837 poteram
2476 1761 2549 1822 T.
2599 1760 2944 1842 §votuerunt
2984 1782 3081 1847 pr.
3115 1764 3225 1845 P.)
3528 1836 3532 1840 ,

2256 1863 2356 1924 11.
2405 1863 2484 1924 ad
2520 1867 2839 1945 confinium
2874 1887 3060 1948 qenus
3096 1870 3225 1933 eius
3255 1874 3491 1953 qeneris
3520 1891 3636 1959 pr.

724 1981 823 2043 1⁴6.
872 1977 1128 2063 taizdem]
1175 1989 1371 2043 tamen
1411 1981 1564 2041 ΑΒΕ
1610 1986 1673 2043 et
1702 1998 1799 2063 pr.
1834 1979 1906 2055 P,
1954 1986 2087 2041 tan-
2167 1964 2232 2037 P»
2280 1965 2360 2026 ⁰⁴2
2409 1969 2629 2048 confine
2671 1990 2856 2049 §enus
2899 1972 3027 2034 eiu-5
3065 1976 3299 2054 qeneris
3325 1977 3501 2049 AFT,
3544 1978 3626 2041 ad

639 2085 891 2147 tamdem
913 2103 998 2147 rc.
1023 2104 1188 2146 corr.
1217 2084 1377 2146 P.—
1393 2079 1677 2166 clamare]
1705 2085 1861 2164 oepit
1878 2078 2089 2167 (coepit

634 2187 708 2269 T)
748 2188 1011 2251 clamare
1050 2188 1280 2250 AFRT.
1411 2188 1429 2206 '

719 2293 818 2355 17.
865 2312 1015 2374 quae
1056 2294 1153 2355 uel
1188 2293 1428 2374 fabulae
1455 2337 1471 2355 .
1511 2337 1529 2354 .
1567 2291 1740 2354 euius
1781 2290 1868 2365 P,
1937 2310 2088 2372 quae

618 2413 735 2476 per
756 2396 937 2477 facile
956 2398 1220 2460 cuioeis‘l'
1244 2404 1307 2459 et
1329 2416 1427 2476 pr.
1457 2396 1533 2457 A.
1570 2401 1635 2459 et
1657 2413 1824 2459 corr.
1845 2394 1912 2467 P,
1936 2414 2086 2476 quae

627 2499 724 2562 uel
771 2518 883 2579 per
930 2501 1113 2582 facile
1159 2501 1366 2562 ‘metuis
1431 2517 1596 2563 corr.
1645 2498 1721 2561 A.
1774 2530 1859 2546 -
1900 2499 2086 2563 eicere

627 2602 907 2666 PABRT.
941 2637 1025 2650 —
1052 2601 1272 2686 posset]
1309 2610 1507 2687 potest
1548 2602 1719 2667 PAF.

714 2707 815 2771 18.
863 2714 1037 2789 atque
1056 2725 1184 2770 om.
1207 2709 1356 2772 F.—
1369 2727 1510 2770 acer
1525 2703 1612 2791 ut]
1639 2725 1861 2771 acerna
1883 2725 1981 2792 pr.
2013 2709 2079 2773 P.

624 2841 708 2855 —
727 2810 1091 2872 salutarium
1111 2828 1206 2893 pr.
1227 2808 1298 2883 P,
1332 2809 1712 2874 salutandum
1734 2812 1785 2874 T
1815 2819 1878 2875 et
1908 2833 2075 2877 corr.

624 2914 671 2976 P
702 2919 763 2977 et
786 2931 883 2999 pr.
918 2913 994 2977 A.
1042 2913 1365 2996 (solarium
1389 2931 1553 2978 corr.
1588 2912 1806 2996 A.)—
1833 2916 2080 2983 idoneus

623 3036 752 3082 om.
802 3020 980 3081 AFR.

710 3122 809 3184 19.
848 3119 1027 3205 pone]
1069 3143 1246 3205 penes
1283 3124 1356 3195 R,
1391 3143 1612 3205 poenes
1646 3127 1717 3193 T.
1741 3157 1825 3174 —
1854 3128 1971 3191 loci
1999 3130 2069 3192 F.

619 3227 1114 3290 -eoeercitateR
1131 3262 1215 3275 —
1237 3221 1344 3313 sis]
1371 3230 1450 3291 sit
1466 3229 1538 3304 P,
1572 3248 1700 3294 om.
1728 3232 1775 3294 F
1792 3237 1856 3295 et
1876 3252 1974 3315 pr.
1997 3236 2071 3297 A.

702 3331 805 3393 20.
849 3350 1007 3394 mem
1054 3347 1181 3396 om.
1233 3333 1305 3395 T.

703 3436 804 3503 21.
850 3436 1164 3516 imperitus
1192 3439 1264 3499 T.
1301 3470 1385 3483 —
1414 3438 1714 3501 huis-modi
1744 3439 1792 3501 P
1812 3486 1830 3514 ,
1862 3441 2071 3506 huius-

616 3539 777 3600 modi
798 3540 974 3601 ABF.
1005 3573 1089 3586 —
1126 3540 1235 3604 [sbi
1260 3541 1443 3603 istum
1468 3543 1714 3605 uidisset
1743 3545 1815 3607 T.

698 3643 803 3706 24.
836 3650 1119 3724 poterant
1155 3663 1254 3728 pr.
1302 3645 1372 3708 P.
1406 3679 1490 3692 —
1517 3646 1683 3710 Erat
1712 3649 1862 3724 BR,-
1889 3671 1985 3733 pr.
2021 3654 2067 3714 P

615 3751 676 3807 et
719 3763 881 3809 corr.
937 3748 1013 3810 A.

698 3851 800 3913 25.
846 3860 899 3914 et
940 3859 1082 3915 ante
1111 3861 1420 3918 attenuata
1454 3875 1582 3919 om.
1613 3859 1684 3920 T.
1734 3891 1818 3905 —-
1851 3870 1907 3922 et
1926 3862 2067 3923 item

611 3953 738 4015 alia
750 3958 954 4036 posita
974 3957 1040 4017 in
1060 3957 1484 4022 mediocritate.
1516 3961 1696 4023 tertia
1723 3981 1873 4042 quae
1883 3966 2067 4045 plena

609 4066 694 4120 est
719 4060 1067 4139 qrauitatis.
1115 4062 1236 4124 Est
1264 4063 1335 4125 Β.
1380 4063 1383 4066 “

692 4162 795 4229 27.
836 4161 1165 4247 veniamus]
1192 4167 1614 4229 conueniamus
1634 4168 1704 4231 F.
1739 4204 1823 4217 —
1849 4175 2065 4252 qrauis

2164 2058 2387 2151 oonfine
2415 2071 2542 2134 eius
2568 2075 2805 2153 qeneris
2826 2076 2895 2148 B,
2933 2077 3012 2138 ad
3029 2079 3249 2159 confine
3260 2100 3446 2160 qenus
3467 2083 3621 2146 eius·

2163 2172 2292 2236 dem
2331 2176 2565 2255 generis
2607 2178 2679 2238 R.
2723 2173 2827 2258 (ad
2863 2181 3183 2260 confinium
3221 2184 3349 2246 eius
3388 2187 3622 2267 qeneris

2164 2295 2331 2339 corr.
2361 2278 2429 2343 P.
2428 2276 2542 2359 )-
2560 2281 2716 2361 quod
2734 2283 3102 2363 appellamus
3135 2287 3390 2368 fluctuat
3425 2290 3539 2351 huc
3566 2297 3620 2352 et

2161 2381 2306 2444 illue
2336 2378 2580 2464 (mediis
2611 2382 2876 2467 omissis)
2922 2407 3019 2468 pr.
3055 2388 3126 2463 P,
3174 2391 3330 2472 quod
3356 2395 3618 2474 appella-
3662 2440 3676 2457 .

2159 2506 2296 2548 mus
2329 2488 2627 2569 fluctuans
2655 2508 2721 2552 eo
2750 2491 2905 2571 quod
2932 2492 3186 2573 fluctuat
3224 2496 3340 2557 hue
3379 2505 3433 2558 et
3471 2498 3616 2560 illuc

2159 2592 2261 2653 AF
2265 2566 2339 2667 T',
2385 2592 2540 2674 quod
2567 2595 2932 2675 appellamus
2959 2597 3313 2685 dissolutum
3349 2601 3504 2681 quod
3531 2609 3615 2664 est
3699 2639 3704 2665 ι

2158 2696 2285 2758 siue
2317 2697 2519 2760 uerbis
2557 2707 2614 2759 et
2650 2682 2930 2762 articulis
2955 2709 3025 2762 ut
3061 2701 3172 2764 hoc
3203 2703 3374 2765 modo
3402 2705 3615 2785 apelle-

2156 2819 2291 2862 mus
2321 2799 2635 2882 (appellem
2662 2801 2743 2879 R)
2765 2803 3064 2884 fluctuans
3091 2826 3157 2868 eo
3186 2808 3341 2887 quod
3359 2810 3616 2889 fluctuat

2155 2905 2270 2968 hue
2299 2915 2355 2969 et
2395 2906 2541 2970 illae
2576 2909 2701 2972 BR.
2759 2908 3090 2993 Vulgatam
3117 2907 3453 2988 lectionem
3500 2935 3612 2978 ex·-

2102 3041 2103 3044 ¹
2154 3009 2334 3073 hibet
2375 3032 2465 3074 rc.
2515 3032 2680 3076 corr.
2727 3012 2798 3076 P.

2241 3116 2344 3178 13.
2378 3118 2733 3198 confirmare
2749 3120 3001 3181 BFR.—
3019 3121 3306 3183 eiusmodi
3332 3121 3606 3194 PABFT.

2239 3219 2340 3282 14.
2391 3217 2593 3303 quum]
2629 3223 2684 3283 si
2714 3224 2784 3285 T.
2821 3254 2899 3267 ——
2919 3223 3254 3305 belliqerere
3276 3229 3347 3289 B.

2238 3324 2336 3388 15.
2369 3325 2605 3405 possint
2620 3325 2818 3406 facere
2829 3327 3049 3401 PABF,
3062 3328 3263 3409 facere
3271 3339 3518 3411 possent
3533 3334 3606 3398 R.

2236 3430 2337 3491 16.
2379 3429 2645 3510 facerent
2664 3448 2746 3491 an
2776 3449 2897 3492 non
2924 3429 3220 3515 Τ.-Ιηό]
3246 3433 3385 3498 hinc
3397 3435 3605 3500 ABFR

2147 3538 2212 3595 et
2254 3551 2420 3596 corr.
2454 3533 2524 3596 P.
2551 3568 2634 3579 —
2657 3535 2960 3597 auditores
2996 3537 3069 3597 B.

2234 3638 2330 3701 18.
2379 3637 2581 3719 defluit
2607 3640 2712 3702 ΒΤ
2740 3645 2804 3700 et
2835 3657 2931 3722 pr.
2969 3641 3045 3700 A.

2233 3742 2333 3803 19.
2380 3738 2581 3824 neque]
2605 3762 2711 3804 nec
2732 3743 2887 3806 enim
2905 3735 2978 3805 R.
2992 3777 3076 3791 —
3090 3745 3505 3826 amplectimur
3521 3749 3594 3813 Β.

2226 3846 2331 3907 22.
2379 3846 2518 3908 istic
2558 3843 2678 3929 itte]
2728 3848 2866 3909 istic
2906 3847 3169 3927 (omisso
3206 3847 3331 3930 ille)
3372 3850 3594 3926 PAFT,

2140 3949 2250 4010 iste
2272 3949 2411 4011 istic
2440 3969 2536 4031 pr.
2581 3953 2654 4025 B,
2700 3952 2800 4013 ille
2832 3953 2969 4015 istic
3010 3954 3062 4015 R
3096 3959 3161 4014 et
3196 3973 3361 4016 corr.
3412 3957 3483 4017 B.
3512 3990 3596 4005 -·-

2139 4052 2218 4115 ad
2236 4050 2495 4136 balneas]
2523 4055 2591 4117 in
2608 4055 2833 4135 balmis
2853 4057 3078 4130 PAFT,
3111 4057 3180 4119 in
3199 4057 3436 4122 balneas
3463 4061 3537 4122 R.

2222 4158 2326 4219 23.
2375 4153 2640 4241 accessit]
2673 4160 2773 4222 ille
2802 4161 3046 4223 accessit
3083 4182 3174 4223 rc.
3213 4180 3377 4225 corr.
3413 4164 3482 4226 P.
3513 4197 3593 4212 ·—-

601 4264 804 4345 fiqura
819 4267 1019 4329 PFRT
1033 4275 1097 4330 et
1112 4289 1208 4349 pr.
1230 4269 1306 4344 A,
1328 4271 1784 4352 qrauisfiqurae
1800 4294 1964 4339 corr.
1985 4279 2059 4343 A.
2136 4261 2215 4322 ad
2235 4258 2412 4344 hum]
2440 4261 2633 4323 adhuc
2653 4265 2725 4326 R·
2763 4265 3136 4344 *pulsauit
3162 4284 3253 4327 me
3281 4267 3353 4329 Β·

581 4369 587 4378 ’
689 4377 794 4438 29.
841 4375 932 4462 ea]
959 4382 1014 4442 ei
1035 4381 1314 4444 PAFRT.
1348 4417 1432 4430 —
1458 4393 1542 4446 est
1559 4403 1685 4448 om.
1712 4385 1760 4447 P
1781 4393 1846 4450 et
1864 4408 1960 4473 pr.
1985 4391 2058 4454 A.

689 4491 795 4552 30.
841 4473 1084 4573 suffulta
1123 4494 1377 4560 PABFT
1421 4504 1484 4559 et
1527 4517 1623 4582 pr.
1676 4500 1750 4563 R.
1792 4535 1876 4548 -
1913 4521 2057 4594 nem

603 4592 697 4654 ita
732 4602 799 4655 ut
840 4594 1097 4659 PABRT
1143 4606 1205 4661 et
1248 4620 1412 4662 corr.
1463 4602 1531 4663 F.

681 4751 831 4836 Pag.
884 4756 986 4818 68.
1034 4778 1090 4825 v.
1140 4760 1198 4821 1.
1287 4756 1397 4843 ita]
1445 4764 1586 4826 item
1620 4763 1687 4834 P.

685 4865 745 4928 4.
789 4867 894 4949 qui
932 4868 1318 4936 duellionibus
1359 4875 1485 4938 ΒΤ.

2219 4366 2326 4427 24.
2374 4366 2514 4427 huic
2535 4384 2666 4428 om.
2709 4367 3035 4430 PABFRT.

2219 4470 2322 4532 25.
2366 4470 2492 4531 iam
2521 4487 2649 4532 om.
2683 4473 2754 4535 T.

2216 4575 2321 4635 26.
2370 4592 2562 4635 sermo
2599 4581 2684 4636 est
2727 4578 2796 4638 T.
2836 4608 2914 4622 —
2953 4584 3036 4640 est
3079 4577 3323 4659 adeptus
3355 4578 3584 4657 PART,

2129 4677 2376 4757 adeptus
2405 4673 2665 4760 (omisso
2684 4677 2805 4758 est)
2833 4679 2903 4741 F.
3389 4725 3392 4728 -

2213 4782 2318 4842 27.
2355 4783 2539 4861 puris
2565 4789 2618 4844 et
2647 4782 2845 4845 electis
2872 4784 3072 4846 uerbis
3092 4785 3310 4852 PBFT.

2211 4886 2318 4948 28.
2367 4892 2420 4948 et
2455 4904 2705 4968 qrauem
2743 4896 2801 4951 et
2836 4889 3190 4954 mediocrem
3224 4898 3280 4956 et
3307 4901 3584 4961 attenua-
