4620 5864
912 595 1019 672 62

1764 598 1946 666 VAR.
1988 595 2218 665 LECT.
2263 597 2371 661 AD
2419 597 3053 665 RHETORICORUM

992 799 1055 862 6.
1104 799 1475 880 artificiosas
1508 816 1633 860 una
1659 803 1889 859 natura
1931 797 2008 866 P,
2053 797 2361 878 artificosa
2433 818 2568 862 nem
2609 801 2718 862 εἰσ.
2768 802 2885 863 Iste
2912 802 2985 872 A,
3030 800 3249 891 delirat
3289 807 3342 861 et
3383 800 3757 882 contempnit.
3802 802 3890 864 εἰσ

820 961 831 967 -
903 912 1130 966 natura
1153 904 1221 976 F,
1266 903 1525 984 artificio
1557 921 1704 965 casu
1730 909 1783 964 et
1818 909 2048 964 natura
2061 903 2132 975 R,
2165 902 2361 982 artifi-
2435 906 2544 966 iste
2572 907 2618 967 B
2637 951 2654 979 ,
2716 905 2942 968 deierat
2981 913 3035 967 et
3079 905 3471 968 contemnitur
3501 906 3617 967 εἰσ.
3661 906 3778 967 Iste
3813 904 3884 978 F,

903 1009 1031 1070 σίοε
1072 1026 1217 1071 casu
1256 1015 1484 1070 natura
1520 1007 1593 1069 T.

988 1113 1050 1174 7.
1090 1131 1313 1193 ponere
1339 1120 1476 1174 ante
1504 1111 1706 1174 oculos
1715 1111 1942 1192 poterit
1970 1110 2249 1173 PABRT.
2275 1144 2360 1157 —

902 1249 986 1264 -
1013 1216 1295 1278 uenerari
1338 1217 1409 1279 R.

986 1321 1049 1391 8.
1098 1316 1341 1402 ornare]
1362 1338 1586 1383 ornare
1589 1318 1816 1400 poterit
1830 1318 1984 1380 F.—-
2000 1335 2127 1380 rem
2143 1336 2270 1388 om.
2287 1319 2359 1381 R.

987 1426 1048 1487 9.
1094 1420 1223 1506 toti]
1272 1431 1428 1485 totae
1470 1423 1746 1486 PAFRT.

916 1596 923 1602 ,
991 1529 1091 1599 10.
1140 1528 1240 1589 sed
1281 1524 1344 1588 id
1373 1528 1570 1609 ipsum
1599 1528 1755 1609 quod
1782 1549 1882 1610 pr.
1913 1530 1981 1601 P,
2031 1527 2130 1590 sed
2152 1526 2230 1588 ad
2269 1527 2364 1606 ip-

897 1651 1032 1695 sum
1059 1632 1215 1714 quod
1237 1632 1304 1701 B,
1351 1631 1451 1693 sed
1479 1632 1676 1712 ipsum
1705 1631 1859 1714 quod
1884 1648 1980 1714 pr.
2009 1632 2084 1692 R.
2133 1629 2264 1708 (sed
2283 1629 2364 1691 ad

833 1800 845 1818 ,
895 1738 1093 1819 ipsum
1115 1735 1194 1798 ad
1214 1735 1370 1816 thd
1390 1753 1555 1798 corr.
1590 1732 1739 1817 PR.)
1766 1770 1846 1780 —-
1870 1736 2177 1816 confertur
2197 1736 2269 1796 T.

988 1843 1086 1905 12.
1131 1841 1356 1902 hisdem
1395 1840 1520 1913 AF,
1567 1840 1753 1902 isdem
1792 1839 1861 1899 Β.
2157 1916 2169 1927 Ι

994 1945 1089 2009 14.
1135 1944 1496 2026 apertiorem
1531 1944 1684 2025 facit
1727 1960 1862 2005 cum
1901 1942 1978 2004 A.
2028 1976 2112 1989 -
2155 1942 2363 2005 obscu—

897 2067 1037 2112 rum
1080 2051 1153 2112 Τ.

989 2156 1088 2216 15.
1139 2153 1410 2215 redditur
1459 2154 1531 2214 T.

989 2260 1089 2321 16.
1135 2253 1356 2338 dicam]
1404 2256 1567 2318 dicta
1595 2256 1855 2317 ABFRT
1886 2261 1950 2316 et
1977 2272 2141 2316 corr.
2177 2254 2247 2317 P.

987 2364 1087 2425 17.
1136 2360 1558 2422 eubiiceremus
1601 2378 1765 2421 corr.
1815 2360 1892 2419 R.

870 2497 875 2507 ·
986 2466 1087 2528 18.
1135 2465 1259 2527 nisi
1300 2472 1354 2526 et
1396 2464 1733 2544 exemplum
1774 2465 1846 2525 B.
1874 2494 1957 2508 -
1981 2460 2147 2547 esset]
2175 2475 2259 2528 est
2278 2468 2350 2528 B.

989 2571 1088 2633 19.
1137 2568 1589 2635 similitudinem
1631 2588 1730 2648 pr.
1779 2565 1846 2630 P.

914 2738 917 2741 ,
986 2675 1090 2735 20.
1131 2690 1438 2753 perpauca
1508 2674 1581 2734 T.
1667 2705 1750 2719 -
1827 2673 2020 2753 plura
2100 2674 2359 2737 scribere

900 2778 1232 2841 PABFRT.

984 2882 1088 2945 23.
1131 2888 1237 2944 aut
1273 2886 1417 2943 ante
1455 2879 1653 2943 laudis
1687 2899 1814 2943 om.
1851 2881 1922 2944 B.
2178 2947 2181 2950 ,

982 2987 1089 3050 24.
1137 2986 1327 3047 inibat
1355 2986 1403 3046 B
1435 2992 1499 3046 et
1526 3002 1622 3068 pr.
1657 2986 1722 3055 P,
1770 2984 1943 3046 Ibant
1975 2986 2153 3047 FRT.
2212 2985 2358 3067 (ibat

902 3111 1070 3154 corr.
1098 3088 1193 3172 P.)
1217 3122 1294 3132 —
1321 3088 1624 3151 acerrimi.
1666 3087 1871 3149 Simili
1897 3090 2361 3168 uituperationis

899 3213 996 3280 pr.
1036 3194 1102 3265 P,
1148 3193 1458 3256 acerrimi.
1518 3192 1985 3273 Vituperationis
2018 3193 2140 3266 FR,
2180 3213 2277 3273 pr.
2305 3195 2359 3255 A

897 3305 962 3362 et
1002 3317 1163 3362 corr.
1206 3297 1271 3361 P.
1646 3317 1655 3336 ·
1775 3323 1781 3332 ·

983 3405 1089 3465 25.
1136 3411 1204 3464 ut
1224 3403 1292 3465 in
1314 3401 1519 3464 odium
1539 3402 1796 3464 adducat
1819 3401 1932 3463 Ιιοσ
1948 3400 2120 3462 modo
2148 3394 2362 3482 (omis-

901 3508 988 3572 sis
1020 3515 1127 3569 aut
1154 3508 1220 3569 in
1243 3506 1533 3569 invidiam
1561 3514 1666 3568 aut
1695 3506 1763 3566 in
1786 3506 2271 3586 contemptionem
2295 3511 2361 3568 et

907 3612 980 3677 Ut
1019 3612 1088 3675 in
1129 3610 1364 3690 odium)
1407 3609 1734 3672 PABFRT.

982 3717 1085 3780 26.
1130 3710 1269 3797 Iste]
1313 3715 1429 3776 Iste
1470 3715 1573 3797 qui
1607 3714 1678 3775 P.
1710 3742 1786 3755 -
1813 3712 2028 3776 cotidie
2066 3711 2136 3787 P,
2184 3714 2359 3776 cotti-

899 3820 993 3883 die
1033 3821 1159 3882 AT.

768 4009 771 4012 Δ
983 3924 1088 3990 27.
1133 3923 1389 3986 medium
1432 3940 1559 3982 om.
1600 3922 1673 3982 T.
1700 3953 1778 3965 -—
1804 3929 2044 4001 aspectu
2069 3930 2357 3984 uenenato

897 4029 1219 4108 (uenenatu
1258 4027 1341 4106 B)
1389 4026 1610 4108 spiritu
1662 4024 1871 4087 rabido
1927 4023 2174 4106 (rapido
2231 4026 2357 4108 PF)

898 4130 1173 4195 PABFR.
1554 4169 1557 4170 ν

983 4237 1087 4299 30.
1135 4253 1458 4316 asparyere
1487 4235 1557 4297 Ρ.
1583 4268 1667 4281 -
1699 4235 1771 4297 Ut
1807 4234 2107 4297 inuidiam
2146 4232 2359 4317 (omis-

899 4340 986 4403 sis
1025 4341 1093 4402 in
1135 4348 1200 4404 et
1239 4337 1518 4420 adducat)
1558 4340 1632 4402 B.

980 4446 1087 4507 31.
1130 4440 1337 4527 iactat]
1398 4445 1634 4507 iactans
1688 4442 1809 4505 PR.
1883 4474 1965 4487 —-·
2041 4443 2239 4524 qalluc
2303 4453 2360 4506 et

888 4548 1168 4630 phroeqia
1209 4549 1328 4610 PF.

983 4651 1135 4734 Pag.
1169 4653 1273 4714 97.
1322 4673 1384 4715 v.
1425 4654 1482 4715 1.
1557 4649 1865 4732 depressus
1889 4653 2016 4716 RT.
2038 4685 2122 4698 —
2146 4659 2199 4716 et
2229 4670 2354 4714 om.

900 4755 1027 4817 BT.
1056 4787 1134 4802 —
1160 4756 1381 4817 clamat
1402 4773 1529 4819 om.
1566 4757 1637 4818 B.
1653 4789 1737 4802 —
1760 4755 1989 4817 deierat
2019 4765 2073 4817 et
2101 4763 2358 4817 contem-

898 4858 1091 4921 nitur.
1123 4860 1278 4923 sicut
1304 4860 1414 4922 iste
1446 4859 1495 4921 P
1514 4905 1534 4934 ,
1581 4859 1827 4925 deierat.
1871 4860 1940 4922 in
1979 4860 2360 4941 contemptio-

2435 1009 2652 1071 delirat
2673 1018 2727 1071 et
2747 1012 3197 1091 contempnitur.
3219 1010 3287 1070 in
3307 1010 3747 1071 contemtionem
3773 1009 3884 1071 εἰσ.

2436 1115 2554 1176 Iste
2586 1117 2655 1186 R,
2699 1114 2948 1177 deierat.
2994 1114 3066 1176 Ut
3100 1121 3506 1176 contemnatur
3533 1115 3639 1176 εἰσ.
3666 1114 3786 1175 Iste
3815 1114 3886 1179 T.

2523 1220 2582 1282 2.
2626 1218 2881 1280 cocleam
2929 1219 2978 1280 T
3019 1223 3082 1281 et
3127 1236 3224 1302 pr.
3280 1217 3350 1279 P.
3417 1213 3637 1300 (coclea
3669 1217 3781 1278 AB
3827 1221 3893 1293 et

2438 1341 2601 1385 corr.
2648 1320 2743 1403 P.)
3443 1364 3448 1368 -
3717 1390 3724 1397 ‚

2523 1427 2583 1488 3.
2632 1433 2931 1489 retentans
2975 1444 3070 1509 pr.
3126 1425 3197 1498 P,
3254 1433 3306 1487 et
3343 1432 3641 1487 retentans
3685 1425 3783 1487 FT
3828 1430 3893 1488 et

2439 1550 2604 1594 corr.
2655 1532 2721 1601 P,
2768 1539 2822 1592 et
2864 1536 3113 1592 retentat
3145 1527 3228 1593 Ἀ.
3270 1564 3351 1574 -
3394 1525 3537 1611 εσεσ]
3584 1548 3646 1590 se
3685 1532 3759 1593 R.
3806 1562 3891 1577 -

2436 1628 2676 1713 tacitus]
2727 1640 2930 1694 tantus
2968 1633 3039 1705 F,
3088 1632 3264 1693 tacite
3292 1632 3365 1693 Β.
3394 1634 3785 1713 —quomodo
3826 1641 3893 1695 ut

2436 1746 2599 1799 tutus
2636 1737 2758 1807 PF,
2820 1736 3224 1817 quoquomodo
3276 1736 3360 1798 sit
3397 1744 3561 1797 tutus
3603 1737 3653 1798 T
3674 1783 3690 1809 ,
3759 1756 3895 1799 cum
3992 1806 4004 1819 ⁶

2435 1840 2609 1902 domo
2653 1848 2811 1901 totus
2841 1842 2914 1911 R.
2954 1869 3030 1879 —
3064 1859 3198 1901 cum
3227 1841 3401 1902 domo
3423 1860 3535 1901 sua
3557 1859 3685 1902 om.
3719 1840 3891 1906 PFR.

2435 1946 2581 2023 (sua
2623 1963 2750 2006 om.
2800 1941 2897 2025 B.)
2928 1976 3011 2015 ε-
3045 1951 3113 2004 ut
3155 1962 3282 2005 om.
3331 1944 3502 2005 PFT.
3536 1944 3894 2006 —comedi-

2435 2058 2538 2112 tur
2564 2050 2841 2130 aufertur
2881 2047 2949 2119 P,
2992 2045 3322 2108 comeditur
3364 2054 3418 2109 et
3452 2049 3726 2128 aufertur
3764 2049 3888 2110 FT.

2436 2152 2596 2235 (cum
2621 2152 2794 2213 domo
2823 2170 2937 2213 sua
2963 2158 3122 2213 totus
3151 2159 3214 2212 ut
3249 2150 3593 2213 comedatur
3616 2152 3892 2232 aufertur

2435 2257 2579 2320 add.
2631 2275 2796 2318 corr.
2843 2252 2944 2335 A.)

2518 2363 2582 2423 5.
2630 2360 2885 2441 Effectio
2929 2359 3257 2423 PABFRT.
3302 2391 3385 2403 -
3428 2357 3773 2440 effrinyitur
3813 2360 3888 2422 B.

2519 2467 2582 2527 6.
2632 2463 2829 2547 quoad
2870 2463 3144 2525 PABFR.

2519 2572 2582 2632 7.
2628 2568 2855 2631 iudices
2894 2567 3028 2628 dico
3071 2567 3347 2629 PBFRT.

2524 2675 2624 2735 12.
2672 2673 2993 2736 attributae
3037 2672 3083 2732 F
3130 2677 3194 2733 et
3236 2690 3332 2755 pr.
3380 2670 3457 2731 A.

2524 2780 2623 2841 13.
2663 2777 2976 2859 pecuniosi
3012 2776 3132 2848 PF,
3172 2775 3559 2856 pecuniosum
3594 2774 3772 2838 ABT.
3809 2808 3889 2822 —-

2433 2878 2571 2964 Iste]
2621 2891 2674 2944 et
2701 2883 2811 2945 iste
2849 2883 2916 2944 T.
2942 2914 3025 2926 —-
3055 2876 3180 2963 qui]
3207 2880 3263 2941 εἰ
3291 2879 3361 2942 F.
3387 2913 3467 2923 -
3498 2898 3619 2942 sese
3646 2879 3793 2942 dicit
3813 2881 3886 2942 T.
3949 2961 3956 2966 -

2531 2989 2627 3049 14.
2664 2987 2917 3070 putabat
2951 2986 3081 3056 PF,
3129 3002 3256 3048 om.
3290 2983 3363 3045 T.
3398 3017 3481 3030 —
3510 2984 3698 3048 uidete
3737 3002 3893 3046 nunc

2434 3092 2506 3153 B.
2533 3124 2617 3138 --
2646 3086 2783 3172 quo]
2832 3092 2938 3172 qui
2973 3109 3069 3173 pr.
3101 3092 3170 3152 P.

2524 3196 2624 3256 15.
2671 3189 2919 3276 Darem]
2953 3194 3096 3256 dant
3130 3193 3195 3266 P,
3240 3192 3450 3255 darem
3475 3191 3645 3254 uobis
3673 3195 3743 3264 A,
3785 3192 3894 3254 da-

2436 3299 2583 3362 retis
2609 3298 2760 3360 mihi
2790 3297 2982 3359 locum
3010 3299 3132 3360 FT.

2522 3404 2623 3465 16.
2672 3401 2996 3464 subleuabit
3024 3402 3306 3464 PABRT.
3327 3435 3403 3447 —
3425 3399 3795 3464 existimabit
3821 3399 3888 3461 F.

2524 3508 2623 3569 17.
2671 3508 2928 3568 nitorem
2964 3539 2997 3552 -
3034 3537 3065 3552 -
3103 3506 3471 3588 splendorem
3524 3524 3623 3590 pr.
3678 3505 3748 3567 P.
3808 3536 3891 3551 —-

2425 3612 2832 3692 perstringere
2875 3611 2997 3673 PT.

2523 3716 2622 3778 18.
2671 3717 2828 3778 hunc
2870 3734 2998 3779 om.
3049 3717 3123 3778 T.
3150 3749 3234 3762 —
3260 3735 3364 3796 eqo
3395 3671 3521 3779 om.
3559 3715 3632 3775 B.

2423 3865 2424 3868 ,
2526 3820 2626 3882 19.
2672 3821 2904 3881 novisse
2961 3839 3090 3882 om.
3133 3819 3283 3882 PFT
3322 3825 3385 3883 et
3422 3838 3520 3904 pr.
3565 3819 3639 3881 A.
3686 3851 3768 3863 —-
3813 3815 3892 3884 At

2436 3924 2579 3986 heus
2613 3923 2784 3998 PAF,
2832 3943 2958 3988 om.
2995 3925 3068 3987 B.

2521 4030 2626 4092 20.
2674 4030 2920 4110 inquam
2950 4030 3018 4092 F.
3053 4062 3135 4076 —-
3173 4029 3355 4092 annio
3385 4029 3459 4091 T.
3494 4062 3578 4075 —
3607 4028 3810 4108 nequit
3837 4028 3892 4089 ἰε

2435 4132 2713 4194 barbaris
2746 4133 2978 4195 turbent
3010 4154 3107 4214 pr.
3129 4133 3197 4203 P,
3240 4152 3313 4194 ne
3342 4131 3486 4214 quid
3506 4133 3651 4194 istos
3677 4131 3893 4195 barba-

2438 4255 2541 4299 ros
2568 4236 2758 4298 turbet
2784 4237 2953 4301 coi-r.
2989 4238 3058 4311 P,
3090 4256 3163 4299 ne
3184 4238 3329 4317 quid
3353 4238 3458 4298 isti
3487 4235 3731 4299 barbari
3759 4245 3891 4296 tur-

2436 4340 2648 4401 bentur
2661 4343 2805 4410 R,ne
2819 4341 2962 4422 quid
2974 4341 3120 4402 istos
3133 4340 3423 4403 barbaros
3427 4339 3889 4421 perturbemFT.

2522 4446 2626 4506 21.
2676 4443 2917 4506 audient
2945 4444 3062 4505 PF.
3113 4478 3195 4488 —
3231 4454 3451 4524 putant
3491 4446 3564 4506 B.
3602 4476 3685 4489 —
3713 4442 3891 4523 seleqi
4011 4485 4018 4488 .

2431 4546 2655 4619 PAFT,
2686 4568 2747 4609 se
2787 4547 2929 4628 eliyi
2956 4550 3028 4610 R.
3052 4578 3132 4590 -
3164 4556 3272 4608 aut
3293 4544 3380 4630 ut]
3415 4556 3482 4609 ut
3507 4555 3613 4609 aut
3643 4547 3713 4609 F.

2521 4652 2625 4713 22.
2673 4652 2753 4714 ad
2780 4650 3018 4714 balneas
3048 4671 3176 4713 om.
3212 4651 3259 4712 F
3294 4657 3359 4714 et
3386 4670 3481 4732 pr.
3511 4652 3589 4712 A.

2519 4756 2624 4820 23.
2670 4755 2844 4818 detur
2869 4764 2937 4817 ut
2965 4757 3037 4817 T.

2520 4859 2624 4921 24.
2672 4859 2903 4941 aliquid
2928 4859 3100 4922 PFT.
3134 4892 3217 4906 —
3239 4857 3398 4940 salso
3426 4856 3547 4923 PF.
