4620 5864
1383 583 1490 649 AD
1533 584 1884 653 HERENN.
1932 583 2086 650 LIB.
2133 584 2214 649 11.
2306 583 2475 650 CAP.
2522 584 2820 649 21-24.

3527 586 3629 656 19

630 789 858 874 91οὸοεί
894 807 1022 867 esse
1062 786 1382 851 uolubilem
1421 787 1478 847 A
1521 789 1585 847 et
1625 801 1724 867 pr.
1768 784 1818 846 F
1841 830 1859 859 ,
1915 802 2094 847 saxe-
2164 785 2513 867 nausraqio.
2545 798 2750 867 nempe
2777 802 2876 848 res
2902 785 3025 847 ista
3053 785 3363 867 eontinyit.
3452 783 3629 868 Erqo

629 914 777 981 oque
831 895 1061 956 instare
1117 891 1291 973 ylobo
1338 889 1696 971 praedicant
1747 887 1999 950 uolubili
2042 889 2089 949 Β
2164 889 2228 951 id
2267 908 2390 951 non
2426 891 2585 971 sorte
2626 897 2732 951 aut
2769 891 3022 972 fortuna
3064 889 3273 972 obtiqit
3315 891 3388 951 T.

634 1003 697 1063 et
738 1012 906 1063 corr.
948 1014 1041 1061 rc.
1089 997 1137 1060 F
1154 1042 1171 1067 ,
1238 1012 1510 1075 saxoque
1564 993 1792 1054 instare
1848 992 2086 1075 yloboso

614 1093 979 1185 praedicant
1004 1099 1323 1163 uolubilem
1365 1096 1479 1180 (ad
1521 1096 1683 1159 hanc
1727 1114 1949 1160 vocem
1992 1115 2090 1158 se-

627 1202 829 1272 cunda
870 1221 1091 1268 manus
1151 1200 1322 1266 addit
1377 1201 1473 1265 uel
1518 1198 1800 1281 uolubili)
1843 1202 1934 1271 R,
1991 1220 2090 1262 sa—

2188 1034 2200 1040 ·
2253 995 2355 1056 12.
2404 990 2555 1075 reyi]
2603 994 2738 1075 qeri
2778 994 3055 1057 PABFT.

2254 1098 2355 1159 13.
2398 1093 2587 1180 fieret]
2632 1099 2833 1180 sactus
2875 1106 3023 1160 esset
3066 1097 3398 1161 PABFRT.
3583 1141 3608 1167 0

2254 1200 2354 1263 14.
2403 1197 2572 1284 quae]
2623 1221 2757 1264 cum
2799 1202 2972 1264 PFT.
3016 1235 3100 1248 -
3144 1202 3246 1263 sed
3287 1202 3441 1263 idem
3483 1203 3630 1298 dicit

624 1311 812 1393 mique
859 1310 1059 1372 instar
1111 1307 1340 1389 ylobosi
1384 1326 1505 1370 esse
1578 1303 1785 1368 dieunt
1855 1304 2085 1367 uolubi-
2164 1322 2292 1367 om.
2328 1304 2505 1367 AFT.
2551 1339 2636 1351 —
2681 1302 2860 1386 (idem
2903 1302 3044 1368 add.
3086 1292 3255 1368 coir.
3296 1307 3407 1385 A.)

627 1414 851 1477 lentT.

711 1519 772 1581 2.
817 1516 955 1579 Ideo
1017 1511 1154 1599 quo]
1223 1514 1288 1577 id
1351 1533 1467 1595 quo
1537 1530 1633 1597 pr.
1691 1513 1774 1586 P,
1845 1511 2087 1596 ideoque

588 1612 796 1687 'com
839 1616 978 1683 ead.
1021 1638 1107 1683 m.
1148 1620 1225 1694 P,
1290 1620 1437 1701 quia
1478 1637 1604 1700 quo
1655 1618 1845 1691 AFT,
1912 1616 1978 1678 id
2020 1636 2085 1678 eo

626 1704 773 1806 {uia
812 1743 928 1806 quo
971 1726 1055 1797 B,
1123 1722 1254 1786 ideo
1295 1721 1615 1785 uolubitem
1655 1720 1803 1803 quia
1850 1737 1949 1803 pr.
1992 1722 2045 1783 R
2064 1762 2085 1793 ,

625 1829 757 1891 ideo
797 1828 1117 1891 uolubilem
1158 1846 1275 1909 quo
1303 1843 1473 1890 corr.
1508 1828 1582 1889 R.
1622 1854 1708 1871 —-
1753 1823 1960 1887 eadere
1990 1820 2078 1905 eo]

626 1951 692 1997 eo
735 1932 940 1995 eadere
984 1930 1271 2003 PAFRT,
1317 1929 1526 1992 eadere
1569 1925 1838 2007 (omisso
1882 1926 1977 2005 eo)
2004 1930 2078 1991 Β.

709 2038 773 2099 3.
821 2055 942 2099 esse
984 2053 1113 2099 om.
1150 2035 1220 2096 Β.
1263 2067 1347 2078 -
1388 2027 1555 2116 quia]
1604 2051 1725 2114 qua
1767 2032 1837 2094 F.

707 2141 771 2203 6.
820 2144 1019 2201 autem
1060 2156 1188 2206 om.
1230 2140 1303 2200 Τ.
1353 2166 1433 2180 ·--
1498 2138 1813 2218 fortunam
1836 2176 1839 2177 f
1866 2143 2083 2216 neqant

622 2243 809 2305 ullam
860 2243 1253 2306 miseritatem
1305 2261 1428 2305 esse
1480 2240 1579 2303 sed
1630 2241 1676 2304 P
1692 2286 1709 2315 ,
1770 2240 2084 2321 fortunam

628 2354 837 2428 neqent
875 2347 1065 2410 ullam
1106 2365 1227 2409 esse
1269 2346 1659 2407 miseritatem
1717 2338 2083 2426 (miseratio-

621 2470 759 2514 nem
786 2452 834 2514 F
864 2456 927 2514 et
956 2468 1125 2513 corr.
1152 2448 1240 2530 A)
1262 2458 1369 2511 aut
1389 2449 1823 2511 humanitatem
1843 2448 1943 2510 sed
1957 2448 2081 2522 AF,

615 2557 869 2637 fortuna
907 2562 1119 2636 neqent
1156 2554 1346 2616 ullam
1389 2572 1511 2615 esse
1548 2553 1860 2616 miseriam
1887 2552 1988 2615 sed
2009 2554 2079 2627 Β,

615 2660 929 2740 fortunam
969 2664 1177 2739 neyent
1216 2657 1406 2719 ullam
1449 2674 1588 2722 esse.
1632 2656 1733 2718 sed
1776 2658 1849 2718 T.
1935 2654 1941 2663 ’

706 2763 766 2825 7.
808 2757 960 2844 reyi]
1008 2761 1139 2842 reyi
1181 2768 1496 2823 autumant
1537 2760 1811 2824 PBFRT.

704 2866 765 2930 8.
810 2865 1004 2928 simile
1033 2884 1154 2929 esse
1182 2865 1356 2927 aiunt
1384 2863 1611 2926 PABT.
1640 2896 1723 2909 —
1766 2864 1923 2947 quod
1950 2882 2077 2929 om.

618 2990 717 3056 pr.
750 2972 820 3034 P.
881 3000 959 3013 -
1024 2967 1252 3054 reapse]
1300 2989 1367 3034 re
1409 2967 1545 3034 abse
1588 2972 1635 3032 B
1683 2975 1749 3034 et
1788 2986 1958 3032 corr.
1993 2969 2075 3043 P,

617 3094 717 3139 res
756 3075 892 3139 abse
932 3075 1034 3139 AF
1078 3082 1141 3138 et
1180 3092 1350 3138 corr.
1381 3076 1428 3137 P
1448 3121 1464 3149 ,
1511 3092 1611 3137 res
1649 3075 1788 3155 ipsa
1830 3078 1899 3140 T.

703 3182 764 3244 9.
808 3199 942 3243 rex.
980 3181 1182 3262 sactus
1233 3188 1321 3242 est
1346 3178 1648 3243 medicus.
1689 3178 1882 3243 modo·
1924 3197 2079 3242 nau-

616 3284 828 3366 sraqio
884 3303 1088 3365 nerupe
1145 3303 1262 3347 res.
1310 3302 1450 3365 erqo
1501 3283 1567 3345 id
1600 3284 1870 3363 fructum
1919 3285 2079 3365 sorte

620 3396 729 3450 aut
771 3385 1026 3464 fortuna
1068 3387 1277 3469 obtiqit
1316 3407 1416 3472 pr.
1438 3388 1516 3461 P,
1561 3406 1697 3450 rex.
1751 3389 1951 3469 sactus
1992 3396 2078 3450 est

621 3492 926 3554 mendicus
952 3491 1148 3555 modo.
1174 3493 1499 3573 musraqio
1529 3492 1773 3555 resista
1800 3492 2069 3573 eontiyit.

624 3614 765 3677 erqo
807 3595 873 3657 id
907 3598 1139 3678 sactum
1179 3597 1507 3661 temeritate
1546 3615 1667 3658 non
1696 3597 1949 3678 fortuna
1976 3595 2075 3658 ob·

617 3699 755 3781 tiqit
785 3717 951 3764 corr.
985 3701 1122 3764 ead.
1162 3720 1248 3764 m.
1287 3702 1364 3774 P,
1408 3719 1544 3763 rex.
1568 3700 1770 3781 sactus
1795 3707 1881 3762 est
1914 3719 2075 3762 meu-

615 3803 807 3866 dieus.
854 3804 1027 3865 modo
1055 3806 1411 3886 musraqus.
1443 3823 1647 3885 nempe
1678 3823 1775 3866 res
1803 3804 2071 3885 contigit.

616 3906 788 3988 Eryo
831 3907 895 3969 id
933 3926 1056 3969 nou
1091 3909 1251 3989 sorte
1307 3915 1415 3969 aut
1450 3908 1704 3989 fortuna
1746 3906 1954 3988 obtiqit
1998 3908 2071 3979 A,

617 4027 754 4072 rex.
795 4012 998 4092 sactus
1038 4019 1122 4074 est
1162 4011 1485 4074 mendicus.
1518 4012 1843 4092 naufrayio
1870 4027 2074 4092 nempe

617 4133 714 4176 res
756 4114 876 4178 ista
902 4116 1187 4196 ‚eonti9it.
1275 4116 1451 4196 Erqo
1491 4114 1558 4177 id
1596 4133 1718 4177 non
1763 4115 1922 4196 sorte
1963 4122 2072 4177 aut

609 4218 862 4299 fortuna
915 4219 1128 4301 optiqit
1171 4221 1218 4281 B
1234 4266 1251 4290 ,
1318 4237 1452 4281 rex.
1475 4219 1677 4299 sactus
1720 4226 1806 4281 est
1846 4219 2071 4281 mendi-

615 4339 742 4383 cus.
787 4322 983 4385 modo.
1030 4323 1372 4405 nmcsraqis.
1417 4341 1620 4403 nempe
1661 4340 1760 4384 res
1784 4323 1907 4384 ista
1933 4341 2073 4385 eon-

617 4424 774 4506 tiqit.
822 4445 967 4507 erqo
1010 4426 1076 4488 id
1115 4446 1237 4489 non
1272 4428 1430 4509 sorte
1485 4434 1593 4488 aut
1628 4426 1881 4507 fortuna
1923 4426 2072 4488 obti-

614 4528 705 4610 οὔ
746 4529 820 4599 F,
864 4548 1003 4592 rex.
1036 4530 1210 4592 modo
1236 4531 1540 4593 mendicus
1561 4532 1762 4612 sactus
1790 4538 1894 4593 est.
1928 4550 2072 4593 nam

613 4632 937 4713 naufragio
995 4651 1091 4696 res
1146 4636 1238 4697 ita
1295 4636 1568 4717 eontiqit.
1631 4653 1771 4716 erqo
1833 4635 1899 4697 id
1948 4654 2071 4698 nou

610 4737 769 4817 sorte
826 4745 931 4797 aut
975 4738 1228 4819 [ortum
1283 4739 1490 4822 obtiqit
1533 4742 1617 4818 R,
1681 4756 1816 4802 rex.
1869 4740 2070 4821 sactus

2251 1410 2351 1471 15.
2400 1408 2512 1471 Ιιοο
2564 1409 2738 1471 modo
2793 1410 3018 1472 dictum
3072 1418 3158 1473 est
3199 1411 3265 1472 F.
3316 1443 3393 1456 —
3466 1410 3627 1472 malo

2160 1512 2499 1574 hominibus
2541 1511 2804 1594 (omisso
2833 1516 2949 1593 est)
2993 1515 3046 1576 R
3094 1519 3156 1577 et
3198 1503 3296 1598 13¹⁸·
3338 1515 3420 1588 A,
3465 1515 3625 1577 malo

2161 1617 2500 1679 homiuibus
2542 1625 2627 1679 est
2671 1619 2772 1680 FT
2814 1623 2878 1681 et
2920 1636 3089 1681 corr.
3125 1620 3201 1680 A.

2252 1722 2352 1783 16.
2401 1718 2576 1803 quod]
2625 1722 2771 1804 quia
2811 1722 2988 1786 AFR.
3031 1755 3116 1769 -
3179 1718 3620 1808 conflictantur]

2160 1823 2516 1905 affliqantur
2556 1826 2631 1887 R.

2242 1928 2350 1989 20.
2397 1928 2764 2008 expositioni
2803 1930 2876 1991 Β.
2925 1962 3009 1975 -
3060 1929 3211 1993 Utile
3255 1933 3326 1994 T.

2244 2032 2350 2094 21.
2397 2028 2573 2115 quod]
2607 2032 2905 2114 quiaAF.
2953 2068 3036 2082 —
3081 2039 3618 2112 consitium-unffi,

2159 2152 2519 2284 Ξοθῗιειιοναηι
2561 2222 2635 2284 T.

2246 2325 2352 2387 22.
2401 2344 2545 2387 nam
2573 2326 2640 2387 in
2667 2326 3009 2390 huiusmodi
3037 2328 3376 2392 rationibus
3397 2330 3618 2407 PABF,

2156 2448 2302 2492 nam
2343 2430 2685 2492 huiusmodi
2727 2432 3076 2530 rationibus.
3107 2430 3377 2513 (omisso
3406 2435 3502 2515 in)
3541 2439 3615 2500 T.

2232 2553 2346 2616 23.
2395 2552 2677 2615 universa
2705 2550 2907 2636 neque]
2953 2555 3293 2619 uniuersali
3335 2566 3511 2639 atque
3539 2560 3615 2622 R.

2156 2689 2240 2704 -
2285 2665 2611 2720 extenuata
2639 2658 2801 2720 ratio
2832 2665 2917 2720 est
2944 2678 3097 2740 quae
3138 2657 3396 2738 (mediis
3425 2660 3621 2726 omis-

2156 2758 2276 2840 sis)
2322 2761 2399 2833 P,
2472 2768 2795 2824 extenuata
2852 2762 3087 2826 ratione
3141 2784 3291 2845 quae
3344 2783 3442 2850 pr.
3476 2767 3614 2841 AF,

2156 2862 2482 2929 extenuata
2537 2866 2773 2929 ratione
2836 2867 3133 2949 expositio
3198 2871 3612 2951 confirmatur.

2153 2970 2304 3033 Item
2332 2971 2575 3052 infirma
2604 2979 2688 3034 est
2720 2991 2868 3054 quae
2899 2975 2947 3034 B
2968 3019 2985 3046 ,
3017 2979 3339 3036 extenuata
3359 2976 3614 3039 ratione.

2153 3075 2294 3136 item
2335 3075 2559 3137 uitiosa
2603 3085 2686 3138 est
2730 3077 2891 3138 ratio
2935 3097 3084 3158 quae
3127 3057 3292 3140 cori.
3324 3079 3408 3152 A,
3454 3085 3615 3141 exte-

2151 3188 2342 3245 nuata
2369 3181 2606 3242 ratione
2635 3181 2932 3261 expositio
2962 3182 3376 3262 confirmatur.
3465 3184 3616 3245 Item

2151 3284 2378 3346 uitiosa
2421 3284 2585 3346 ratio
2627 3291 2712 3345 est
2754 3303 2903 3365 quae
2947 3286 2996 3346 T
3041 3291 3105 3347 et
3145 3302 3236 3347 rc.
3276 3285 3345 3346 F.

2236 3387 2343 3450 24.
2389 3387 2479 3449 vel
2522 3405 2650 3450 om.
2686 3391 2757 3450 T.

2236 3493 2341 3554 26.
2388 3491 2618 3553 dicitur
2658 3492 2828 3554 PFT.

2236 3595 2341 3658 28.
2390 3592 2840 3678 consideranda]
2890 3595 3324 3660 consideranda
3365 3605 3505 3661 sunt
3538 3600 3611 3661 R.

2233 3700 2339 3761 29.
2389 3696 2783 3783 confirmatio]
2832 3697 3173 3782 adfirmatio
3218 3702 3295 3778 P,
3341 3704 3614 3783 affirma-

2149 3804 2234 3866 tio
2276 3804 2399 3865 FT.

2234 3908 2341 3970 30.
2389 3907 2645 3970 studiose
2687 3909 2788 3969 FT
2826 3913 2887 3970 et
2915 3925 3015 3991 pr.
3047 3907 3118 3976 P.
3147 3942 3232 3956 -
3274 3910 3342 3972 in
3372 3926 3498 3974 om.
3533 3910 3604 3974 F.

2233 4012 2338 4074 32.
2388 4012 2628 4094 indique
2670 4013 2795 4074 AF.

2234 4116 2338 4178 33.
2390 4115 2706 4195 inprobum
2749 4136 2869 4179 esse
2912 4117 3355 4199 chresponthem
3398 4113 3608 4181 eaeisti-

2146 4238 2279 4281 mas
2321 4219 2504 4294 PAF,
2548 4221 2732 4301 impr.
2766 4240 2886 4284 esse
2924 4221 3367 4302 chresplioutem
3396 4223 3609 4285 existi-

2146 4323 2353 4390 mabas
2391 4325 2573 4411 -ΒΒΤ,
2937 4309 2947 4323 ‘

2231 4429 2338 4491 34.
2386 4422 2547 4510 huic]
2594 4427 2774 4490 huius
2815 4430 2916 4493 FT
2958 4435 3022 4494 et
3064 4446 3232 4494 corr.
3280 4430 3348 4494 P.
3391 4464 3476 4478 -
3520 4432 3608 4495 lo-

2146 4523 2299 4594 casli
2344 4533 2417 4594 T.
2865 4506 2898 4568 ὑ

2229 4637 2331 4699 35.
2357 4635 2581 4717 liquere
2592 4635 2765 4720 pr.P‚
2780 4637 3111 4720 relinquere
3123 4639 3276 4703 FRT
3289 4641 3351 4702 et
3361 4640 3598 4704 corr.P.

2228 4741 2334 4803 36.
2382 4747 2870 4804 οοηιιοντονοπεαν
2908 4744 2976 4805 F.
3029 4776 3113 4791 -
3177 4762 3257 4806 ex
3318 4740 3600 4828 simplici]

616 4846 703 4902 est
743 4839 1064 4907 mendicus.
1109 4842 1282 4906 modo
1323 4844 1682 4926 naufraqus.
1722 4862 1925 4926 nempe
1953 4862 2068 4907 rex
2143 4844 2403 4927 simplici
2443 4864 2523 4908 ex
2565 4846 2640 4907 R.
