4620 5864
1176 577 1283 641 AD
1326 575 1675 642 HERENN.
1721 576 1875 643 Lm.
1920 577 1972 642 1.
2063 574 2232 645 CAP.
2283 576 2625 642 15—L1B.
2671 576 2748 643 11.
2837 574 3007 641 CAP.
3050 579 3112 640 3.
3525 614 3532 620 ·
3582 576 3632 647 9

752 776 853 840 14.
901 775 1252 858 incipimus
1296 772 1475 849 PAF,
1531 776 1853 859 incipimue
1906 777 1979 840 T.
2026 808 2110 824 -—

663 879 814 943 libro
846 882 1053 963 primo
1094 882 1175 943 Β.
1304 906 1307 915 ’

751 985 849 1048 16.
899 985 1206 1049 coniuncte
1247 986 1382 1060 BT,
1425 940 1771 1050 coniunctae
1813 988 1882 1050 P.

754 1089 852 1152 18.
900 1089 1118 1151 harum
1160 1090 1339 1153 AFT.

690 1194 846 1255 219.
880 1201 1121 1273 pamm
1161 1194 1337 1257 ΑΒΕ.

746 1297 853 1361 20.
896 1298 1263 1361 commiscet
1303 1300 1479 1369 Am.

744 1467 892 1550 Pag.
946 1468 1049 1530 16.
1113 1486 1176 1531 v.
1229 1470 1286 1531 1.
1376 1469 1710 1552 complures
1770 1469 1838 1533 in
1901 1467 2111 1551 quibus

658 1571 893 1643 PAFT,
914 1572 1124 1652 plures
1149 1590 1218 1634 m
1238 1573 1545 1661 quibu-⁹11.
1575 1573 1883 1656 —plures
1904 1591 2008 1638 om
2030 1574 2104 1635 R.

742 1674 803 1736 2.
847 1671 1486 1767 auc]acFRetpr.
1524 1679 1600 1741 A
1672 1758 1675 1763 .

741 1779 805 1841 4.
855 1787 961 1841 aut
1002 1781 1081 1845 ad
1109 1790 1349 1863 partem
1391 1785 1463 1852 R.

738 1883 800 1944 5.
847 1884 989 1946 item
1026 1886 1228 1967 quales
1255 1887 1800 1973 aryumentatioues
1831 1888 1913 1961 B,
1958 1886 2107 1948 item

654 1989 1196 2068 arqumentationes
1234 1985 1493 2070 (omIsso
1524 1990 1701 2073 quas)
1730 1992 1804 2052 R.

740 2110 802 2172 6.
851 2119 906 2174 et
933 2129 1060 2176 om.
1076 2112 1351 2177 PAFRT.
1369 2109 1640 2197 -quas]
1667 2113 1868 2195 quales
1882 2062 2103 2176 ΡΑΒΕ.

654 2331 736 2345 —-
777 2300 973 2363 uitari
1014 2301 1251 2375 ABFT,
1240 2218 1495 2365 uetari
1536 2304 1606 2367 Ρ.

718 2425 800 2485 -7.
834 2431 902 2495 ‚et
943 2422 1024 2487 acl
1063 2424 1285 2505 consul.
1316 2425 1385 2487 P.
1431 2457 1516 2472 -
1577 2425 1888 2488 docuimus
1929 2424 2102 2487 PAF.

740 2528 802 2588 9.
851 2522 1173 2610 extremus]
1225 2529 1556 2608 proximus
1614 2530 1762 2599 PAF
1767 2532 1840 2594 T.
1927 2530 2001 2597 In
2057 2528 2107 2590 T

655 2626 849 2693 altera
891 2626 1077 2695 lectio
1118 2648 1308 2715 supra
1350 2628 1581 2717 scripta
1624 2643 1743 2699 est.

743 2752 845 2816 10.
893 2748 1055 2836 erqo]
1104 2754 1297 2835 iqitur
1337 2755 1408 2818 F.
1455 2789 1539 2803 —
1605 2774 1850 2818 causam
1899 2773 2108 2838 quam-

1722 2882 1725 2885 ’
1760 2879 1788 2921 i

653 2961 763 3025 que
802 2944 878 3006 R.
912 2977 996 2991 -
1039 2950 1304 3008 tractare
1346 2944 1479 3019 PF,
1519 2953 1785 3010 tractare
1828 2947 1901 3009 T.
2002 2971 2005 2978 ,

744 3067 843 3129 11.
906 3066 992 3130 Ec
1047 3068 1337 3129 nimirum
1395 3086 1684 3151 quamque
1749 3068 2109 3151 difficillima

654 3177 739 3232 est
768 3172 812 3233 P
827 3218 844 3242 ,
889 3171 976 3234 Ec
1013 3171 1307 3234 nimirum
1348 3192 1609 3255 quaeque
1636 3173 1995 3255 difficillima
2024 3180 2107 3235 eet

655 3274 703 3335 F
734 3279 795 3337 et
829 3293 928 3357 pr.
964 3278 1044 3345 A,
1089 3275 1176 3336 Et
1217 3276 1511 3338 nimirum
1551 3285 1619 3338 ut
1663 3295 1927 3360 quaeque
1949 3276 2109 3359 diffi-

653 3377 883 3440 cillima
934 3386 1021 3441 est
1068 3396 1237 3442 corr.
1279 3380 1368 3451 A,
1436 3381 1523 3442 Ec
1574 3382 1870 3444 nimirum
1912 3382 2108 3444 conie-

653 3482 941 3544 cturalem
967 3502 1099 3546 eom
1124 3503 1237 3566 que
1260 3484 1622 3567 difficillima
1648 3493 1734 3548 est
1774 3487 1855 3559 B,
1899 3486 1985 3547 Et
2013 3486 2109 3547 ni-

2180 777 2472 840 uitatione
2510 775 2600 838 ita
2635 783 2702 838 uc
2747 793 2881 839 cum
2922 792 3087 841 cort.
3129 775 3181 837 A
3199 821 3214 849 ,
3275 773 3632 837 commodio-

2182 899 2321 943 rum
2369 902 2467 962 spe
2516 888 2623 942 aut
2669 879 3178 943 incommodorum
3225 880 3316 940 ita
3367 898 3502 941 cum
3550 879 3631 952 B,

2184 985 2626 1047 commodorum
2663 1004 2762 1066 spe
2795 983 3102 1067 (superse.
3135 983 3232 1046 uel
3255 982 3636 1068 appetitione)

2184 1097 2290 1150 aut
2330 1089 2839 1151 incommodorum
2879 1088 3172 1150 uitaeione
3211 1088 3301 1149 ita
3343 1107 3476 1150 cum
3519 1088 3591 1152 R.

2268 1193 2374 1254 23.
2421 1189 2587 1275 num]
2635 1212 2717 1255 an
2757 1194 2829 1254 Β.
2920 1191 2992 1254 In
3029 1190 3075 1252 P
3113 1209 3260 1252 num
3295 1196 3390 1253 est
3433 1188 3495 1254 in
3537 1209 3636 1255 ra-

2185 1313 2353 1359 sura.
2401 1330 2486 1343 -
2529 1298 2673 1377 quid
2701 1298 2775 1359 R.
2822 1329 2907 1343 --·
2949 1295 3304 1377 appeliuerit
3331 1295 3405 1357 B.

2266 1401 2376 1463 24.
2423 1420 2561 1481 cup.
2596 1408 2703 1461 aut
2732 1400 2963 1462 amoris
2992 1407 3097 1461 aut
3138 1399 3209 1463 Β.

2268 1506 2374 1566 25.
2421 1500 2595 1586 quod]
2643 1504 2937 1586 quoddam
2977 1503 3048 1567 F.

2250 1609 2372 1669 ·26.
2422 1608 2709 1689 infamiae
2753 1609 2824 1672 R.

2268 1712 2375 1773 27.
2423 1713 2714 1776 commodi
2735 1731 2835 1793 spe
2860 1713 2934 1775 R.
2961 1744 3045 1760 —
3074 1710 3417 1775 aduersarii
3445 1718 3638 1776 osteu-

2183 1814 2281 1877 dee
2321 1817 2389 1877 B.

2267 1921 2375 1981 29.
2411 1910 2679 2001 poluerit
2723 1921 2846 1983 AR.
2893 1953 2976 1965 —-
3019 1938 3150 1983 eam
3193 1938 3321 1986 om.
3361 1921 3431 1984 F.

2270 2024 2374 2086 30.
2423 2024 2756 2105 suspicione
2805 2025 2875 2087 F.

2268 2128 2374 2190 31.
2421 2127 2626 2191 deinde
2669 2146 2795 2192 om.
2837 2131 2904 2193 F.

2268 2233 2373 2294 32.
2422 2232 2497 2293 Ῑη
2539 2252 2653 2313 quo
2703 2250 2832 2295 om.
2868 2232 3071 2297 PAFR
3102 2239 3163 2300 et
3189 2251 3287 2319 pr.
3323 2237 3396 2297 T.

2238 2336 2369 2398 33.
2412 2353 2557 2397 num
2592 2336 2826 2417 quando
2872 2334 3115 2421 venerit]
3159 2357 3307 2401 uum
3347 2357 3528 2421 quom
3552 2372 3636 2388 —
3725 2384 3730 2391 ·

2182 2459 2346 2522 susp.
2390 2441 2620 2503 uenerit
2664 2441 2737 2505 R.
3621 2466 3626 2477 ·

2268 2546 2373 2607 35.
2410 2544 2674 2627 peccatis
2716 2544 2786 2608 P.

2266 2647 2372 2711 36.
2395 2648 2687 2712 metendae
2728 2652 2802 2712 R.

2265 2754 2413 2837 Pag.
2453 2755 2554 2817 17.
2597 2773 2658 2818 v.
2696 2756 2881 2819 1—3.
2971 2754 3371 2820 ambitiom.
3414 2756 3637 2839 Impo-

2182 2856 2323 2920 terit
2366 2857 2561 2921 animi
2608 2848 2828 2922 uitium
2881 2877 3018 2922 cum
3059 2878 3244 2922 causa
3299 2862 3602 2942 repperire
3616 2905 3636 2937 ,

2182 2964 2483 3044 repperias
2523 2963 2754 3045 dispar.
2839 2964 2911 3028 Si
2957 2983 3078 3029 uon
3108 2966 3335 3046 poterit
3372 2984 3634 3029 auarum

2181 3086 2279 3150 pr.
2356 3068 2435 3141 P,
2502 3069 2899 3132 ambitiosum.
2984 3070 3083 3132 Ita
3146 3069 3201 3131 ei
3253 3087 3376 3131 nou
3410 3070 3639 3152 poterit

2180 3172 2373 3234 animi
2410 3171 2631 3235 uitium
2667 3191 2803 3234 cum
2844 3191 3028 3235 eausa
3055 3174 3356 3255 repperire
3372 3218 3390 3247 ,
3435 3191 3638 3254 reppe-

2180 3277 2306 3338 riat
2342 3276 2574 3357 dispar.
2665 3276 2737 3339 Si
2769 3294 2891 3338 nou
2912 3277 3135 3357 poterit
3169 3295 3431 3339 auarum
3460 3295 3628 3340 corr.

2181 3376 2322 3443 ead.
2357 3398 2442 3442 m.
2481 3380 2557 3453 P,
2603 3379 3002 3443 ambitiosum.
3062 3381 3154 3443 ita
3195 3382 3252 3444 si
3288 3389 3636 3464 nonpotue-

2181 3485 2267 3546 rit
2322 3484 2517 3547 animi
2567 3485 2789 3548 uitium
2848 3481 2993 3566 (par
3040 3481 3184 3548 odd.
3247 3486 3455 3566 corr.)
3499 3505 3635 3549 cum

651 3585 880 3648 minem
902 3588 1362 3650 coniecturalem
1388 3607 1520 3651 eam
1539 3587 1909 3670 quaeprima
1926 3608 2109 3671 quae-
2180 3608 2366 3651 causa
2401 3589 2721 3670 repperire.
2788 3589 3088 3669 repperiat
3136 3589 3365 3669 dispar.
3427 3591 3484 3652 si
3511 3608 3635 3652 non

652 3708 762 3771 que
792 3691 1150 3774 difficillima
1176 3700 1262 3755 est
1291 3693 1344 3754 R
1381 3699 1443 3754 et
1473 3687 1728 3772 (omisso
1757 3689 1911 3776 eam)
1942 3696 2016 3757 T.

739 3795 840 3857 13.
888 3793 1046 3856 debet
1086 3803 1155 3857 uc
1192 3796 1349 3859 nihil
1383 3803 1584 3858 actum
1624 3815 1751 3861 om.
1784 3799 1858 3861 B.

739 3899 843 3961 17.
880 3899 1248 3980 probabilem
1290 3900 1411 3962 PB.

741 4003 841 4065 18.
889 4004 1339 4087 unumquodqtae
1368 4003 1626 4068 ABFRT
1654 4011 1912 4068 Βίτων.
1944 4005 2015 4067 Ρ.

738 4107 840 4169 19.
877 4124 994 4187 per
1028 4124 1154 4174 om.
1186 4107 1256 4169 P.
1307 4141 1386 4156 —
1430 4127 1532 4171 reo
1562 4127 1686 4173 om.
1715 4109 1940 4173 PAFT.

734 4210 838 4272 20.
888 4211 1110 4291 afuisse
1138 4212 1218 4287 F,
1284 4212 1530 4293 affuisse
1562 4225 1662 4297 pr.
1699 4214 1772 4276 T.
1820 4212 2104 4294 (abfuisse

651 4329 819 4377 corr.
866 4310 971 4397 T.)

2169 3694 2439 3774 potuerit
2499 3711 2762 3756 auarum
2811 3695 2899 3765 A,
2972 3692 3373 3762 ambitiosum.
3439 3694 3530 3756 ita
3578 3693 3638 3756 si

2178 3815 2300 3859 non
2331 3798 2604 3879 potuerit
2643 3815 2905 3860 auarum
2945 3798 3016 3861 F.
3084 3820 3094 3830 ·

2265 3902 2329 3963 2.
2378 3920 2513 3964 cum
2541 3919 2665 3965 om.
2696 3903 2770 3964 T.
2816 3934 2901 3948 —
2941 3901 3293 3966 animi-om.
3324 3902 3397 3965 Β.

2236 4005 2327 4067 3.
2374 3998 2802 4087 demonstrare]
2845 4005 3268 4070 demonstrare
3315 4025 3486 4089 quem
3521 4024 3632 4090 pe·

2179 4109 2388 4171 cuniae
2422 4128 2609 4172 causa
2634 4107 2786 4171 dicet
2807 4109 3017 4189 fecisse
3046 4111 3121 4173 R.

2260 4212 2325 4276 4.
2372 4221 2785 4294 corruptorem
2800 4215 3097 4295 perfidum
3122 4215 3169 4277 P
3184 4261 3202 4287 ,
3247 4223 3512 4298 corrupt.
3533 4216 3631 4279 uel

2165 4317 2463 4398 perfidum
2488 4317 2666 4380 Am.
2713 4350 2798 4366 -
2838 4319 2896 4381 a·
2921 4338 3151 4402 quoqm
3178 4320 3353 4382 modo
3380 4322 3508 4385 AT.
3541 4353 3627 4369 —

734 4417 838 4481 21.
882 4419 953 4482 in
987 4426 1130 4483 ante
1169 4420 1359 4484 vitam
1403 4438 1531 4484 om.
1564 4421 1689 4486 BT.
1731 4449 1817 4468 --
1856 4419 2103 4484 induxit
2166 4422 2433 4501 potuerit
2475 4422 2597 4483 FR.

650 4523 903 4586 eumad
949 4524 1026 4587 R.

735 4626 840 4688 22.
887 4628 1327 4692 commodorum
1353 4630 1646 4693 uitaeione
1674 4648 1810 4693 cum
1839 4647 1940 4715 pr.
1974 4628 2097 4701 PA,

650 4732 1091 4796 commodorum
1141 4736 1498 4798 inuitatione
1545 4754 1681 4798 cnm
1728 4736 1776 4797 F
1819 4740 1883 4797 et
1923 4752 2093 4797 corr.

651 4839 779 4898 ant.
819 4852 905 4898 m.
940 4836 1020 4912 P,
1062 4857 1272 4904 comm.
1299 4859 1401 4922 epe
1439 4847 1547 4905 out
1590 4838 2098 4903 incommodorum

2258 4527 2324 4588 5.
2369 4520 2558 4607 vitiis]
2603 4525 2766 4587 uotis
2806 4525 2876 4590 P.
2924 4559 3009 4575 -
3057 4529 3470 4592 contaminare
3500 4528 3621 4592 PF.

2257 4631 2322 4693 6.
2370 4638 2495 4693 iam
2528 4631 2795 4711 aequiter
2819 4630 2889 4692 P.
2937 4663 3020 4682 —-
3053 4628 3193 4716 Iioc]
3239 4633 3397 4697 huuc
3436 4632 3555 4697 PF.
3621 4681 3636 4702 .

2256 4735 2321 4796 ’1.
2362 4729 2592 4815 secisse]
2634 4734 2823 4815 fuisse
2864 4734 2935 4798 F.

2255 4839 2320 4903 8.
2369 4838 2675 4921 expectari
2714 4840 2789 4902 R.

3015 4951 3018 4954 ’
3040 4953 3081 5019 2
